2228 3372
324 302 406 330 220
912 296 1124 327 PARERGA
1157 282 1528 334 (SUPPLEMENT).

439 404 611 446 CLIII.
682 401 960 443 TITYRUS
996 397 1320 446 IEIUNANS,
1356 396 1502 438 SIVE
1537 393 2004 437 ECCLESIASTES

818 477 1627 522 HEAUTONTIMORUMENOS.

498 584 575 626 Lis
599 584 707 625 mihi
729 582 956 624 vobiscum
981 587 1060 629 est,
1083 579 1264 628 nitidae,
1289 593 1388 619 mea
1414 592 1534 628 cura,
1558 577 1775 628 bidentes,

555 654 639 694 Pro
662 651 820 705 quibus
843 650 978 704 upilio
1001 648 1149 690 taedia
1172 648 1293 688 mille
1315 647 1412 688 tuli.

499 722 577 764 Lis
601 720 706 762 mihi
730 735 829 761 curn
854 718 1039 760 ducibus
1061 717 1208 772 gregis
1232 723 1314 766 est,
1340 715 1557 770 agnisque
1580 715 1783 770 petulcis,

556 791 657 844 Ipse
681 803 802 829 meas
825 788 868 828 in
893 787 960 828 ius
983 800 1163 841 poscere
1187 799 1320 839 cogor
1342 799 1461 826 oveS.

499 861 612 902 Cum
635 871 765 912 grege
788 864 915 910 turpe
939 856 1117 910 quidem
1141 861 1208 896 est
1230 853 1401 908 pecoris
1423 868 1623 908 pugnare
1647 853 1901 907 magistros,
1935 873 1938 875 >

556 928 642 970 Sed
664 934 816 967 tamen
839 940 865 967 a
887 939 1051 980 pugna,
1076 939 1209 978 quam
1233 937 1353 977 paro,
1379 922 1546 964 crimen
1569 923 1709 964 abest.

499 998 588 1038 Fas
610 995 718 1037 mihi
741 994 876 1036 tutari
900 995 1021 1048 leges
1043 1001 1086 1035 et
1109 993 1287 1047 publica
1313 992 1421 1042 iura,

555 1064 765 1119 Turpiter
786 1078 812 1105 a
833 1063 957 1105 vobis
981 1077 1093 1117 quae
1115 1062 1282 1104 violata
1304 1076 1477 1115 queror.

500 1136 576 1175 Ius
598 1133 732 1174 violat
756 1132 956 1186 quisquis
979 1131 1166 1172 messori
1190 1130 1412 1172 subtrahit
1437 1145 1599 1179 escam,

556 1202 637 1243 Vel
661 1201 888 1243 trituranti
912 1201 1104 1255 subligat
1127 1215 1203 1242 ora
1226 1200 1340 1242 bovi.
2076 1210 2129 1238 10

500 1270 722 1326 Supplicis
745 1270 789 1311 in
813 1283 995 1320 morem,
1019 1284 1098 1312 vos
1121 1271 1226 1311 dum
1250 1269 1443 1310 nutricia
1465 1283 1613 1323 posco,

559 1342 679 1382 Dum
702 1347 806 1394 peto
828 1354 906 1394 pro
929 1339 1100 1380 meritis
1127 1338 1338 1393 praemia,
1363 1339 1490 1379 littus
1517 1352 1607 1379 aro.

502 1410 575 1449 Me
599 1407 717 1448 mala
739 1407 972 1461 pauperies
996 1407 1113 1448 curis
1136 1408 1241 1448 dum
1264 1413 1442 1460 torquet
1465 1405 1641 1459 iniquis,

558 1477 730 1519 Fabula
752 1492 850 1518 sum
875 1476 1006 1518 sociis
1029 1476 1356 1529 ludibriumque
1380 1475 1504 1516 meis.

501 1547 679 1588 Vellera
701 1553 805 1587 sunt
829 1546 952 1587 vobis
977 1547 1135 1587 Serum
1159 1545 1377 1586 certantia
1403 1545 1550 1598 bysso,

562 1616 634 1656 Me
657 1615 801 1656 brevis
824 1621 867 1656 et
891 1614 1080 1655 nimium
1103 1614 1209 1656 trita
1232 1613 1410 1655 lacerna
1433 1613 1557 1666 tegit.

506 1687 654 1727 Ubera
677 1685 790 1727 lacte
814 1691 1006 1734 tument,
1032 1690 1210 1738 turgent
1235 1683 1471 1725 abdomine
1494 1680 1688 1732 ventres,

562 1754 634 1795 Me
659 1753 756 1794 sitis
778 1753 948 1794 interea
970 1760 1100 1794 vexat
1123 1759 1166 1794 et
1191 1759 1288 1794 atra
1310 1753 1465 1793 fames.

506 1824 637 1864 Nuda
660 1821 778 1863 domi
801 1822 976 1870 coniux,
1001 1821 1236 1875 ieiunaque
1260 1820 1445 1875 pignora
1468 1820 1679 1869 clamant,

564 1890 724 1945 “Quid
746 1890 888 1931 facis?
955 1891 1204 1944 Ingratum,
1230 1888 1396 1944 Tityre,
1419 1888 1568 1941 linque
1592 1903 1742 1942 pecus.
2082 1899 2136 1928 20

510 1962 628 2002 Pone
651 1960 813 2014 pedum
832 1976 840 2000 z
875 1966 1018 2000 rastro
1041 1959 1190 2013 potius
1213 1958 1458 2000 convellere
1481 1958 1634 2012 glebas

565 2030 711 2077 Disce,
734 2029 800 2070 vel
824 2029 1042 2083 agricolas
1064 2029 1147 2070 sub
1170 2028 1273 2082 iuga
1295 2042 1402 2082 coge
1426 2029 1574 2069 boves,

507 2101 596 2140 Aut
620 2113 738 2148 acus
761 2105 838 2140 aut
860 2098 1047 2152 forceps,
1072 2105 1148 2139 aut
1172 2104 1313 2139 armet
1337 2097 1496 2139 subula
1517 2098 1734 2147 dextram,

563 2170 651 2209 Aut
676 2170 860 2209 densare
884 2181 991 2221 para
1014 2167 1188 2220 pectine
1213 2167 1287 2207 fila
1310 2166 1408 2207 levi.

508 2237 588 2278 Vel
612 2237 718 2284 cole,
740 2251 851 2290 quas
873 2236 978 2277 olim
1002 2236 1210 2277 tractavit
1236 2237 1489 2284 Dardanus,
1513 2242 1645 2285 artes,

568 2306 707 2359 Inque
731 2312 854 2346 tuam
879 2304 1052 2346 Cereris
1074 2304 1232 2358 collige
1254 2305 1369 2345 farra
1391 2318 1571 2357 penum.

511 2376 637 2415 Haec
659 2388 756 2415 erne
779 2374 856 2414 sed
878 2373 1013 2427 parvi,
1035 2380 1188 2415 tenera
1211 2375 1315 2414 dum
1340 2373 1499 2414 messis
1521 2372 1565 2413 in
1589 2373 1725 2414 herba
1747 2378 1830 2421 est,

568 2443 754 2496 Sintque
779 2444 861 2484 sub
885 2442 1070 2497 imperio
1092 2443 1271 2496 vitaque
1295 2457 1502 2496 morsque
1525 2449 1616 2483 tuo.

513 2514 614 2554 Hac
637 2527 717 2566 ope
741 2513 945 2553 corrades
968 2512 1141 2566 argenti
1165 2512 1378 2565 quidquid
1401 2518 1443 2553 et
1471 2511 1566 2552 auri
1593 2518 1676 2561 est,

571 2583 629 2622 Et
654 2588 697 2623 te
719 2596 823 2635 prae
846 2581 1027 2635 reliquis
1050 2588 1207 2635 sponte
1231 2588 1442 2635 sequetur
1464 2582 1620 2623 honos.
2085 2591 2140 2632 30

494 2716 524 2745 9.
554 2705 697 2736 Messori
724 2729 730 2735 .
757 2729 764 2735 .
791 2729 797 2736 .
823 2706 964 2744 escam]
1010 2705 1164 2736 Allusion
1182 2711 1217 2736 to
1236 2705 1364 2745 Epistle
1381 2705 1557 2745 ofJames‚
1577 2704 1618 2735 V.
1636 2715 1666 2744 4.

478 2771 526 2793 10.
557 2761 668 2800 Bovi.]
714 2761 870 2802 Imagery
886 2761 971 2792 from
992 2771 1004 2791 1
1025 2760 1255 2798 Corinthians,
1274 2761 1333 2792 IX.
1353 2771 1384 2799 9.

480 2824 528 2845 12.
556 2815 668 2846 Littus
685 2816 771 2855 aro.]
818 2815 1010 2856 Ploughing
1026 2815 1083 2846 the
1101 2814 1215 2852 sands,
1233 2815 1298 2845 like
1317 2815 1472 2855 Ulysses.

477 2879 525 2909 25.
557 2869 735 2900 Dardanus
753 2871 868 2909 artes]
917 2871 953 2899 In
972 2869 1093 2909 legend
1110 2870 1149 2900 of
1162 2869 1353 2906 Dardanus,
1372 2869 1497 2900 famine
1514 2868 1607 2900 leads
1631 2874 1666 2899 to
1683 2867 1883 2909 emigration
1902 2865 1968 2898 and
1987 2865 2143 2906 develop-

340 2931 432 2954 ment
450 2924 487 2954 of
499 2924 714 2963 agricultural
732 2930 809 2962 arts,
831 2925 1013 2964 especially
1029 2925 1067 2955 of
1079 2924 1337 2965 horse-rearing.
