2228 3372
728 304 943 335 PARERGA
975 296 1351 346 (SUPPLEMENT).
1863 311 1944 350 213

311 406 390 448 Vir
411 407 627 450 famulam
651 409 826 463 quoties
849 410 978 452 oculo
1001 411 1204 466 propiore
1227 417 1395 462 tuetur,

371 477 584 532 Legitimi
606 478 722 520 iurat
745 479 925 522 vincula
948 487 1081 535 rupta
1103 480 1199 523 tori.

313 546 440 589 Prole
463 548 645 589 domum
668 549 808 603 replet
833 549 1007 600 mulier,
1031 550 1217 592 florente
1239 549 1437 601 iuventa,

371 618 430 658 Et
455 617 616 658 studiis
638 625 790 672 partas
813 620 1110 674 depopulatur
1135 635 1253 675 opes,
1870 634 1951 663 100

313 687 439 729 Uxor
460 702 574 729 anus
596 688 710 729 tussi
736 689 893 731 Musas
915 696 1133 744 ructuque
1154 690 1330 745 fatigat,

368 757 458 798 Aes
481 771 666 810 quoque,
690 758 796 799 dum
820 758 1016 800 medicos
1039 759 1244 808 consulit,
1267 774 1398 801 omne
1421 759 1550 814 perit.

312 826 459 880 Quam
483 825 599 867 male
622 825 880 881 coniugium
905 828 1138 869 Musarum
1163 828 1291 869 cedat
1314 827 1524 877 alumnis,

371 894 570 937 Socratis
592 895 794 950 exemplo
817 896 986 938 discere
1009 896 1094 938 tiro
1116 903 1279 951 potest.

313 964 453 1014 Illius,
475 965 545 1015 ah,
567 965 757 1007 thalami
780 965 885 1007 rixis
908 966 1127 1020 patientia
1149 966 1269 1009 victa
1291 972 1373 1017 est,

371 1034 431 1075 Et
454 1034 615 1076 domus
637 1034 803 1076 afflicto
827 1034 1086 1076 carnificina
1108 1035 1206 1077 fuit.

314 1104 409 1145 Nec
432 1103 552 1145 mala
574 1104 784 1146 connubii
808 1118 927 1145 mors
951 1111 1120 1159 nuptae
1143 1105 1381 1146 terminat:
1417 1120 1540 1154 uxor,

373 1173 461 1215 Hei
484 1174 608 1224 mihi,
633 1180 734 1228 post
758 1174 928 1215 cineres
952 1189 1084 1229 saepe
1108 1175 1299 1216 molesta
1320 1175 1413 1216 viro
1436 1181 1519 1216 est.

313 1243 514 1298 Coniuge
539 1245 717 1286 sublata
740 1244 860 1286 flevit
884 1244 1153 1286 miserabilis
1177 1246 1398 1300 Orpheus,

371 1314 494 1356 Vidit
517 1320 560 1355 et
584 1314 704 1356 hunc
729 1314 948 1368 Rhodope
970 1321 1101 1356 nocte
1125 1314 1282 1368 dieque
1305 1314 1440 1368 queri.
1870 1327 1951 1355 110

314 1384 420 1425 Mox
442 1384 516 1426 ubi
533 1383 743 1426 lamentis
768 1385 1017 1439 Rhodopen
1041 1385 1309 1439 complesset
1334 1390 1376 1425 et
1409 1385 1627 1433 Hebrum,

370 1453 492 1495 Trux
515 1454 640 1496 dolor
661 1454 717 1496 ad
741 1454 924 1509 Stygias
947 1468 1120 1495 currere
1144 1453 1272 1495 iussit
1298 1468 1450 1507 aquas.

312 1521 491 1564 Terruit
514 1522 586 1564 hic
608 1529 758 1564 vatem
781 1523 868 1564 tria
892 1523 1093 1577 pandens
1116 1523 1336 1564 Cerberus
1359 1537 1449 1572 ora,

372 1592 628 1647 Infernique
653 1592 791 1643 lacus,
815 1592 1209 1646 Eumenidumque
1236 1592 1371 1633 faces.

314 1663 423 1704 Inde
447 1663 605 1717 pedem
628 1662 837 1712 referens,
863 1662 1030 1704 amissa
1054 1661 1242 1716 coniuge
1265 1676 1419 1703 rursus

371 1734 517 1788 Quam
542 1732 870 1774 miserabilibus
893 1732 1052 1787 polluit
1075 1746 1152 1774 ora
1175 1731 1344 1773 modis!

313 1802 560 1852 Mensibus,
585 1801 684 1849 heu,
707 1808 879 1856 septem
904 1801 1065 1843 deserti
1089 1802 1143 1842 ad
1169 1800 1422 1856 Strymonis
1448 1801 1590 1842 undas

372 1870 543 1912 Flevit:
577 1877 671 1912 erat
696 1870 857 1912 coniux
880 1869 1025 1911 omnis
1049 1869 1171 1923 origo
1195 1868 1312 1910 mali.

311 1939 394 1989 Ah,
417 1953 549 1988 soror,
573 1939 645 1989 ah,
671 1945 847 1980 nostros
871 1938 961 1979 noli
985 1938 1048 1979 sic
1071 1939 1253 1993 perdere
1276 1937 1395 1979 cives
1414 1953 1422 1978 ε

370 2009 489 2063 Apta
510 2008 600 2050 tuis
623 2008 818 2050 fiammis
840 2014 1021 2063 pectora
1044 2007 1187 2062 plebis
1217 2007 1368 2049 habes.
1870 2018 1951 2047 120

314 2078 430 2120 Bina
453 2085 558 2120 tuus
581 2078 664 2119 fert
687 2077 778 2119 tela
800 2092 924 2132 puer,
948 2077 1055 2119 facit
1079 2077 1189 2118 illud
1211 2091 1426 2126 amorem,

373 2149 474 2190 Hoc
495 2148 636 2202 fugat,
660 2147 745 2189 hae
769 2153 942 2202 mystas
964 2146 1147 2201 cuspide
1170 2152 1305 2200 tange
1328 2160 1465 2187 meos.

300 2305 371 2336 117.
398 2294 619 2336 Strymonis]
664 2294 803 2335 Closely
819 2294 950 2327 follows
968 2294 1025 2326 the
1043 2294 1210 2335 footsteps
1229 2293 1268 2325 of
1279 2292 1387 2334 Virgil
1404 2292 1437 2324 in
1455 2293 1593 2333 Georg.‚
1613 2293 1671 2323 IV.
1690 2293 1763 2331 508,
1781 2297 1846 2324 etc.
