2228 3372
336 310 418 350 224

928 306 1139 336 PARERGA
1174 293 1545 345 (SUPPLEMENT).

509 415 600 456 Cur
621 425 701 465 ego
723 425 811 452 non
836 417 993 459 muter,
1019 422 1144 450 mens
1167 422 1268 449 cum
1293 414 1492 449 mutetur
1514 407 1664 449 herilis
1685 409 1701 450 ?

570 481 718 535 Erigis
741 487 782 521 et
805 479 932 521 vultu
955 493 1024 519 me
1047 477 1225 531 premis,
1250 477 1392 526 Anna,
1415 483 1506 518 tuo.

512 551 680 591 Laetus
703 563 837 598 eram,
862 562 931 588 me
954 548 1058 588 dum
1083 552 1306 599 spectares
1329 545 1496 586 lumine
1520 545 1708 595 blando;

569 620 700 659 Nunc
723 617 800 659 tibi
824 631 924 658 cum
947 616 1066 656 frons
1090 615 1145 655 sit
1170 614 1334 663 nubila,
1360 614 1484 668 tingo
1507 629 1660 669 genas.

511 689 663 742 Nuper
684 701 778 741 eg0‚
803 686 978 728 catulus
1000 691 1148 726 tecum
1173 698 1291 725 nunc
1314 684 1425 725 ludit
1449 684 1493 725 in
1517 684 1635 734 aula,

568 756 722 799 Stertit
746 763 787 797 et
811 755 854 796 in
878 769 1003 796 roseo
1027 768 1186 807 spurca
1209 753 1370 794 catella
1394 753 1508 794 sinu.

511 826 626 874 Huc,
652 824 756 865 illuc
779 823 1010 865 hominurn
1033 822 1147 876 rapit
1171 821 1475 863 inconstantia
1497 828 1685 871 mentes,

568 893 793 935 Caelestes
816 892 989 934 animas
1012 906 1100 932 non
1124 893 1249 933 decet
1273 906 1371 932 esse
1393 891 1527 933 leves.

510 964 686 1004 Gaudet
709 962 853 1004 adhuc
877 976 1048 1016 pavone
1072 976 1151 1002 suo
1174 975 1389 1015 germana
1412 960 1650 1011 Tonantis,

568 1031 738 1083 Estque
764 1029 991 1071 Dionaeae
1014 1036 1141 1082 grata
1163 1029 1369 1070 columba
1394 1030 1528 1070 Deae.

511 1099 619 1148 Nec,
645 1099 725 1140 sibi
745 1113 874 1152 quem
899 1098 1020 1152 legit,
1045 1112 1225 1139 corvum
1248 1097 1418 1139 fastidit
1443 1098 1617 1151 Apollo,

567 1170 654 1209 Aut
677 1167 871 1222 aquilam
896 1182 1103 1221 superum
1128 1182 1201 1208 rex
1223 1167 1543 1221 hominumque
1567 1174 1702 1221 pater.

512 1237 615 1279 Pica
638 1237 798 1291 loquax
823 1238 1066 1286 Bacchum,
1088 1237 1280 1278 delectat
1304 1237 1420 1278 bubo
1447 1237 1712 1287 Minervam,

569 1308 635 1349 Sit
659 1307 760 1349 licet
784 1307 936 1362 aligeri
958 1309 1150 1349 dedecus
1173 1307 1247 1348 ille
1272 1307 1433 1361 gregis,

510 1378 591 1418 Ast
613 1377 692 1418 tibi
716 1377 785 1418 cui
808 1391 961 1430 regum
985 1391 1126 1431 genus
1149 1383 1192 1417 et
1215 1376 1420 1418 caelestis
1443 1376 1565 1430 origo
1593 1382 1674 1426 est,

570 1446 700 1486 Nunc
722 1445 845 1487 canis
868 1445 911 1486 in
936 1445 1077 1499 pretio
1100 1452 1180 1495 est,
1206 1444 1433 1486 Psittacus
1456 1452 1559 1486 ante
1582 1444 1677 1486 fuit.

511 1513 595 1563 Ah,
620 1528 701 1567 ego
724 1514 827 1567 quid
851 1514 1024 1555 merui?
1089 1514 1226 1555 Nullo
1248 1520 1291 1554 te
1315 1513 1497 1555 crimine
1524 1514 1647 1563 laesi,

571 1582 702 1632 Diva,
726 1582 791 1624 tui
813 1582 857 1623 ni
881 1582 968 1623 fors
991 1582 1123 1636 culpa
1145 1589 1326 1636 putetur
1347 1597 1486 1623 amor.

514 1650 643 1692 India
665 1665 735 1692 me
757 1650 926 1705 genuit,
953 1651 1172 1692 Phoebeis
1195 1650 1372 1692 subdita
1395 1650 1604 1700 flammis,

571 1720 702 1760 Nunc
724 1726 872 1761 tecum
896 1719 1029 1773 gelidi
1052 1720 1151 1761 vivo
1173 1720 1254 1761 sub
1277 1734 1357 1761 axe
1380 1719 1484 1773 poli.

514 1788 701 1831 Finibus
723 1788 767 1830 in
791 1789 947 1843 patriis
968 1788 1056 1830 vixi
1078 1803 1153 1830 rex
1174 1789 1270 1843 ipse
1292 1788 1537 1838 volucrum,

572 1858 660 1900 Hic
682 1858 760 1900 tibi
784 1873 853 1899 me
876 1858 1092 1900 famulum
1116 1857 1477 1912 mancipiumque
1500 1858 1634 1899 vides.

514 1926 648 1968 Liber
669 1941 805 1977 eram,
830 1941 1065 1981 pennaque
1086 1927 1170 1968 levi
1193 1941 1270 1981 per
1293 1927 1425 1968 inane
1448 1927 1629 1976 ferebar,

572 1997 671 2051 Quo
694 1996 837 2038 lubuit
856 2012 863 2037 :
895 2011 1013 2038 nunc
1037 2011 1107 2038 me
1130 2011 1281 2038 carcer
1302 1997 1473 2038 ahenus
1496 1996 1640 2038 habet.

516 2065 668 2106 Incola
691 2065 900 2107 silvarum
926 2065 1042 2107 dulci
1065 2066 1275 2107 vescebar
1297 2080 1489 2115 amomo,

574 2134 704 2175 Nunc
727 2135 854 2188 dape,
879 2133 1028 2175 nescio
1051 2149 1152 2187 qua,
1176 2134 1339 2187 pellere
1362 2140 1488 2175 tento
1510 2134 1691 2175 famem.

517 2204 569 2244 In
591 2202 734 2257 patria
756 2204 976 2257 speranda
997 2202 1078 2244 fuit
1103 2218 1202 2244 cum
1227 2203 1347 2257 prole
1370 2203 1547 2253 marita,

574 2272 662 2313 Hic
685 2286 765 2325 ego
789 2286 868 2313 nec
891 2272 1065 2321 coniUX,
1090 2286 1170 2313 nec
1193 2278 1320 2325 pater
1341 2287 1437 2313 esse
1461 2287 1588 2326 queo.

516 2340 602 2381 His
624 2355 704 2394 ego
727 2355 805 2395 pro
828 2341 998 2382 meritis
1020 2341 1180 2382 catulis
1202 2341 1290 2382 iam
1314 2343 1468 2382 cedere
1491 2355 1648 2394 cogor:

575 2410 673 2450 Has
694 2409 774 2451 tibi
797 2409 991 2459 delicias,
1016 2424 1094 2463 pro
1117 2411 1271 2463 pudor,
1296 2411 1440 2459 Anna,
1464 2409 1589 2463 legis.

516 2479 607 2520 Cur
628 2478 721 2519 avis
744 2479 965 2519 humanas
987 2478 1118 2519 didici
1142 2493 1404 2532 componere
1427 2493 1573 2528 voces,

573 2549 807 2601 Verbaque
830 2547 1070 2601 pennigero
1094 2562 1181 2589 non
1205 2549 1314 2590 bene
1338 2554 1444 2589 nota
1466 2548 1633 2589 choro?

516 2617 607 2659 Cur
628 2631 708 2671 ego
731 2617 956 2658 blanditus
978 2617 1057 2659 tibi
1082 2632 1179 2658 sum
1198 2619 1214 2659 ?
1281 2618 1526 2658 Plaudente
1549 2617 1736 2671 popello,

575 2685 689 2741 Quid
712 2686 845 2726 toties
867 2686 1072 2727 dominae
1096 2686 1239 2728 dicere
1262 2686 1386 2735 iuvit,
1410 2687 1534 2728 Ave?

483 2869 528 2890 11.
559 2859 648 2888 Dum
666 2859 864 2898 spectares]
910 2858 961 2889 On
979 2858 1046 2888 this
1063 2868 1230 2899 sequence
1248 2859 1331 2889 after
1349 2862 1369 2875 “
1381 2858 1499 2898 dum,''
1518 2869 1574 2889 see
1591 2864 1670 2889 note
1688 2858 1720 2888 in
1737 2858 1814 2889 Vol.
1833 2858 1859 2889 Ι.
1880 2868 1910 2899 p.
1929 2867 1981 2897 55.

483 2921 534 2952 23.
561 2913 690 2953 Regum
708 2913 846 2953 genus]
891 2911 944 2953 Cf.
965 2912 1104 2952 Regalis
1121 2913 1226 2953 virgo‚
1245 2922 1276 2953 p.
1300 2914 1370 2952 184,
1388 2922 1425 2943 as
1441 2918 1477 2943 to
1496 2913 1614 2943 House
1631 2912 1669 2943 of
1681 2911 1832 2944 Gordon.

2083 491 2134 520 10

2083 1181 2137 1209 20

2084 1872 2139 1911 30

2084 2561 2139 2602 40
