2228 3372
1006 309 1363 342 EPIGRAMMATA.

688 728 946 769 LXXXIV.
1008 727 1094 767 DE
1128 725 1306 768 SIMIA
1338 723 1688 766 TAURELLI.

458 892 651 945 Magnus
673 889 937 937 Alexander,
962 886 1155 929 domitor
1175 884 1348 927 telluris
1371 891 1413 926 et
1437 885 1597 933 undae,

514 963 574 1002 Et
597 960 696 1015 pius
719 960 950 1013 Augustus
972 956 1129 998 funera
1151 955 1272 997 flevit
1298 954 1415 1008 equi.

457 1030 692 1073 Cornicem
719 1027 884 1077 Pharii,
910 1040 1091 1068 corvum
1114 1026 1262 1066 luxere
1286 1023 1497 1079 Quirites,

515 1100 640 1141 Flere
664 1113 745 1140 nec
769 1096 943 1139 erubuit
965 1095 1088 1150 virgo
1111 1094 1325 1136 Atalanta
1352 1107 1525 1134 canem.

457 1170 559 1210 Non
583 1167 732 1209 minus
754 1165 930 1208 excellit
952 1163 1097 1218 pietas
1119 1161 1361 1212 Taurellia‚
1386 1161 1535 1203 luctus

516 1237 728 1280 Materies
751 1235 814 1276 illi
837 1233 1172 1287 cercopithecus
1194 1238 1303 1274 erat.

922 1459 957 1487 2.
1017 1457 1079 1486 DE
1112 1455 1277 1485 EADEM
1312 1455 1458 1485 SIMIA.

458 1553 579 1596 Vixit
602 1551 747 1595 amica
769 1549 889 1600 viris,
913 1550 1019 1591 dum
1041 1547 1149 1590 vixit
1172 1547 1316 1598 simia,
1341 1546 1546 1601 quamvis

517 1622 719 1671 Femina,
742 1619 934 1673 femineo
955 1631 1132 1672 semper
1152 1617 1304 1671 iniqua
1326 1616 1463 1671 gregi.

460 1695 580 1736 Grex
601 1700 753 1734 tamen
776 1689 848 1732 hic
870 1689 1050 1731 functae
1077 1687 1254 1730 deflevit
1280 1687 1450 1737 funera,
1475 1681 1605 1728 siccis

517 1763 643 1817 Quae
667 1765 867 1815 spectare
887 1757 969 1800 viri
993 1757 1246 1800 sustinuere
1269 1755 1408 1810 genis.

460 1831 506 1874 Si
529 1831 628 1885 quis
651 1830 756 1872 ades
779 1841 949 1877 censor,
974 1841 1128 1868 sexum
1152 1825 1240 1867 iam
1265 1825 1416 1866 confer
1438 1830 1703 1877 utrumque;

519 1900 607 1941 Hic
630 1897 810 1954 pietatis
833 1897 985 1946 habes,
1010 1895 1082 1937 hic
1104 1894 1294 1937 feritatis
1317 1908 1442 1948 opus.

1011 2111 1051 2151 3.
1098 2109 1161 2139 DE
1194 2108 1374 2138 EADEM.

463 2205 616 2248 Incola
639 2204 851 2246 silvarum
874 2216 988 2256 quae
1010 2200 1216 2243 libertate
1240 2199 1430 2248 fruebar,

522 2273 715 2330 Imperio
738 2271 906 2314 domini
927 2270 1105 2313 vincula
1126 2271 1236 2312 dura
1260 2268 1357 2310 tuli.

464 2347 566 2387 Non
588 2343 724 2385 facies
747 2343 945 2384 humana
966 2340 1125 2389 virum,
1149 2353 1236 2380 non
1260 2352 1369 2392 ruga
1395 2336 1549 2379 senilis

523 2413 734 2462 Plurima,
759 2426 847 2453 non
870 2410 1008 2452 movit
1032 2410 1148 2464 quod
1171 2407 1404 2463 peregrina
1426 2406 1503 2448 fui.

464 2486 598 2539 Spem
622 2488 808 2537 praeter,
830 2494 949 2522 nunc
971 2479 1118 2521 vincla
1140 2478 1264 2520 vides
1286 2477 1330 2518 in
1354 2482 1496 2518 morte
1523 2475 1695 2517 soluta:

522 2552 726 2596 Crudelis
748 2550 969 2599 dominus,
997 2550 1135 2590 Parca
1161 2547 1353 2601 benigna
1378 2545 1474 2587 fuit.

2045 1765 2097 1794 10
