2228 3372
925 317 1178 347 EPIGRAMS.
1895 319 1950 361 73

388 854 556 895 XCVI.
602 853 684 895 ΟΝ
722 853 891 894 EARL
925 853 1004 894 OF
1039 853 1443 895 PEMBROKE’S
1478 852 1714 894 DEATH.

383 1010 458 1042 The
475 1016 576 1041 event
593 1009 671 1041 here
688 1009 861 1041 lamented
878 1010 958 1042 took
976 1009 1072 1051 place
1089 1010 1122 1041 in
1143 1012 1235 1051 1630.
1284 1012 1348 1042 See
1364 1011 1441 1042 Vol.
1461 1011 1488 1041 I.
1507 1011 1573 1042 No.
1592 1011 1752 1049 XXXIV.

920 1164 1174 1192 ARGUMENT.

258 1251 389 1291 What
423 1251 555 1289 avails
592 1251 742 1300 golden
773 1251 919 1297 virtue,
951 1265 995 1290 or
1025 1252 1220 1297 honours,
1253 1252 1373 1298 birth,
1405 1259 1546 1302 troops
1577 1252 1623 1290 of
1647 1252 1811 1300 friends,
1844 1252 1955 1302 royal

146 1316 301 1364 favour,
324 1315 506 1355 wealth?
565 1315 734 1365 Among
765 1316 996 1365 England’s
1027 1330 1126 1355 sons
1159 1318 1375 1355 Fortune's
1404 1323 1584 1366 greatest
1612 1316 1826 1363 favonrste,
1856 1316 1956 1356 fore-

147 1389 257 1421 most
287 1381 333 1420 of
357 1382 426 1419 the
457 1394 644 1431 peerage,
676 1381 788 1430 thou,
823 1382 1063 1429 Pembroke,
1091 1383 1303 1432 perishest.
1367 1384 1489 1422 Since
1519 1383 1592 1433 thy
1623 1382 1840 1421 master'sl
1859 1383 1958 1421 dark

144 1448 313 1497 demise,
337 1460 391 1486 no
411 1449 490 1498 day
512 1447 587 1485 has
608 1449 779 1486 dawned
805 1461 852 1487 so
881 1449 979 1486 dark
1009 1449 1186 1488 beneath
1218 1450 1287 1488 the
1309 1450 1414 1499 pole.

450 1616 461 1636 ¹
478 1616 553 1647 The
573 1615 665 1658 king,
682 1617 799 1658 James
818 1617 844 1648 Ῑ.
863 1617 903 1649 of
915 1617 1085 1660 England‚
1104 1618 1164 1650 VI.
1185 1618 1225 1649 of
1238 1617 1412 1655 Scossand,
1430 1617 1508 1649 died
1526 1617 1558 1648 in
1580 1619 1672 1656 1625.

383 1975 550 2016 XCVI.
595 1976 659 2016 IN
697 1975 947 2018 OBITUM
984 1974 1248 2018 COMITIS
1284 1976 1710 2018 PEMBROCHII.

318 2134 465 2175 Aurea
488 2132 592 2187 quid
615 2133 771 2184 virtus,
796 2133 900 2188 quid
923 2140 1110 2189 prosunt
1134 2133 1332 2189 sanguiS,
1358 2134 1564 2184 honores,

379 2202 503 2244 Mille
527 2202 774 2253 clientelae,
799 2203 943 2258 gratia
965 2203 1094 2258 regis,
1119 2204 1259 2258 opes?

317 2271 594 2327 Angligenas
616 2272 730 2315 inter
751 2273 1106 2315 fortunatissime
1129 2287 1283 2327 nuper,

378 2341 659 2392 Pembrochi,
683 2349 725 2384 et
750 2357 980 2397 procerum
1005 2343 1144 2398 gloria
1167 2342 1325 2397 prima,
1351 2342 1487 2384 cadis.

321 2413 427 2453 Post
450 2411 617 2453 domini
641 2412 845 2467 regisque
867 2413 932 2454 tui
956 2413 1082 2467 nigra
1104 2413 1273 2463 funera,
1298 2412 1448 2454 nullus

376 2481 525 2522 Atrior
546 2481 629 2523 hoc
652 2481 763 2523 caeli
785 2481 912 2523 fluxit
935 2483 990 2525 ab
1012 2497 1093 2524 axe
1120 2482 1228 2524 dies.
