2228 3372
870 319 1119 349 EPIGRAMS.
1818 319 1900 361 135

836 494 899 535 13.
935 492 1154 523 TILENUs.

261 608 380 650 Melo
402 615 522 659 tuus,
550 610 777 659 Ionstone,
803 624 953 651 meum
976 609 1146 651 fastidit
1172 609 1403 658 Iacchum,

319 679 464 733 Quem
486 693 617 719 verus
639 679 803 732 gaudet
827 679 1010 732 iungere
1035 678 1151 719 melo
1177 677 1274 720 sibi.

259 747 346 801 Qui
369 747 480 788 nihil
503 749 558 789 ad
583 748 827 797 Bacchum,
850 747 960 788 nihil
981 748 1036 789 ad
1060 749 1279 789 Venerem
1308 761 1483 801 quoque
1506 747 1636 797 melo,

319 817 540 857 Boeotum
564 816 636 858 hic
659 816 814 858 suibus
836 816 1024 870 prandia
1047 816 1183 869 digna
1206 817 1346 857 daret.

259 885 346 940 Qui
369 885 479 926 nihil
503 886 558 927 ad
585 885 826 934 Bacchum,
850 885 960 926 nihil
983 886 1038 927 ad
1063 886 1271 927 Cererem
1296 899 1472 939 quoque
1495 884 1626 934 melo,

320 954 394 995 Nil
419 955 473 996 ad
497 960 557 1004 te,
580 954 714 1009 friges
737 969 849 1008 quae
873 954 967 996 sine
990 960 1190 1008 utroque,
1213 955 1383 996 Venus.

262 1023 381 1066 Melo
404 1023 577 1078 ingrate
600 1023 744 1078 epulis
766 1023 918 1078 procul
942 1023 1060 1073 hinc,
1086 1023 1261 1078 ingrate
1286 1022 1419 1065 cubili

319 1092 439 1135 Hinc
462 1093 627 1147 procul,
650 1093 769 1134 haud
792 1099 894 1134 utor
915 1092 1171 1134 conditione
1194 1098 1287 1133 tua.

258 1162 324 1203 Ad
347 1176 504 1216 porcos
528 1176 552 1203 a
576 1175 646 1202 me
668 1161 785 1215 fuge,
811 1175 969 1214 resque
994 1167 1095 1202 tuas
1117 1160 1198 1202 tibi
1222 1160 1402 1210 habeto,

317 1232 504 1273 Nullum
528 1247 553 1273 a
577 1246 648 1273 me
671 1231 858 1286 posthac
882 1231 997 1272 melo
1022 1231 1228 1272 habiture
1252 1232 1406 1272 melos.
1846 1244 1897 1272 10

814 1533 876 1574 14.
908 1531 1162 1572 JoHNsTON.

80 1710 140 1749 for
167 1725 190 1749 a
218 1712 361 1762 youth,
386 1718 514 1750 smart
544 1712 624 1749 and
654 1712 776 1762 lusty.
837 1711 956 1757 Now,
980 1711 1014 1748 if
1038 1711 1107 1749 the
1139 1711 1274 1749 melon
1305 1711 1439 1749 which
1464 1711 1480 1748 I
1509 1711 1723 1760 presented
1753 1710 1896 1759 brings

81 1777 181 1815 such
203 1777 500 1826 unhappiness,
526 1778 541 1815 I
575 1784 739 1826 suspect
767 1790 848 1827 you
871 1790 950 1823 are,
974 1777 1052 1815 like
1074 1777 1269 1822 Melville,
1293 1778 1370 1815 old.
1432 1777 1571 1826 Frigid
1593 1776 1675 1814 fare
1697 1776 1801 1814 suits
1823 1783 1895 1814 not

80 1842 179 1881 with
197 1843 359 1893 drowsy
375 1842 511 1889 limbs,
530 1844 601 1880 but
621 1843 691 1880 the
712 1843 848 1880 melon
872 1843 924 1892 by
941 1842 993 1879 its
1015 1843 1205 1880 coolness
1228 1855 1443 1891 surpasses
1464 1842 1609 1879 winter
1626 1854 1775 1879 snows.
1837 1841 1893 1879 So

79 1909 192 1954 then,
215 1908 349 1954 Tilen,
372 1904 418 1946 as
437 1921 518 1959 you
540 1921 606 1946 are
627 1916 669 1946 to
692 1908 792 1947 send
814 1921 867 1946 no
889 1908 1065 1959 melody,
1089 1909 1168 1945 and
1200 1921 1246 1946 as
1275 1921 1355 1958 you
1387 1921 1454 1946 are
1482 1914 1553 1946 not
1574 1914 1616 1945 to
1638 1907 1791 1946 receive
1812 1920 1893 1957 any

80 1975 216 2013 melon
238 1973 341 2012 from
364 1988 443 2021 me,
466 1973 654 2014 farewell.

796 2135 858 2177 14.
901 2134 1176 2164 IONSTONUS.

252 2263 367 2305 Cum
390 2261 471 2305 tibi
494 2262 647 2304 iuncta
670 2268 766 2303 toro
789 2261 845 2303 sit
868 2262 1048 2304 vixdum
1073 2260 1238 2303 nubilis
1260 2275 1380 2311 uxor,

309 2330 379 2373 Tu
403 2331 590 2381 iuvenis,
617 2337 802 2385 vegetus
824 2338 873 2372 tu
898 2331 1007 2372 mihi
1030 2330 1153 2373 visus
1180 2345 1305 2372 eras:

254 2402 386 2442 Nunc
410 2400 461 2450 si,
486 2415 618 2454 quem
642 2400 861 2450 dedimus,
886 2407 952 2442 tot
975 2401 1058 2442 fert
1083 2400 1382 2450 incommoda,
1408 2399 1539 2449 melo,

309 2470 375 2512 Te
399 2485 500 2512 cum
527 2470 722 2512 Melvino
745 2470 948 2525 suspicor
969 2485 1066 2512 esse
1090 2485 1259 2512 senem.

252 2541 354 2582 Non
378 2541 489 2582 bene
513 2540 784 2582 conveniunt
809 2540 967 2595 sopitis
989 2540 1148 2595 frigida
1172 2539 1397 2590 membris,
1834 2549 1857 2591 5

308 2609 458 2651 Vincit
482 2616 527 2651 at
551 2609 761 2651 hibernas
782 2609 943 2663 frigore
967 2610 1083 2651 melo
1109 2610 1249 2651 nives.

251 2680 371 2733 Ergo
394 2679 534 2721 melos
557 2679 744 2733 posthac
767 2679 940 2720 nullum
965 2679 1168 2728 missure,
1193 2678 1364 2728 Tilene,

193 1647 332 1686 When
353 1659 434 1698 you
455 1647 552 1685 took
581 1653 624 1685 to
652 1659 754 1697 your
783 1647 910 1685 couch
942 1660 965 1684 a
996 1659 1146 1695 sponse
1177 1646 1321 1697 hardly
1342 1646 1382 1683 in
1414 1647 1485 1684 her
1504 1652 1634 1692 teenS,
1659 1646 1675 1684 I
1697 1646 1795 1684 took
1814 1658 1894 1696 you

2 2681 18 2828 {i
310 2748 624 2802 Melonemque
647 2763 673 2790 a
696 2763 766 2790 me
789 2749 962 2790 nullum
986 2749 1206 2799 habiture,
1232 2748 1357 2790 Vale.
