2228 3372
314 290 397 342 256

387 819 593 862 CLXVI.
657 814 1131 859 CELEBRIORUM
1166 811 1452 867 ALIQUOT
1485 811 1755 855 SCOTIAE
1790 810 2049 876 URBIUM

990 293 1200 323 ENCOMIA
1234 290 1438 320 URBIUM.

1063 894 1371 936 ENCOMIA.

1009 1045 1046 1074 Ι.
1086 1043 1427 1073 EDINBURGUM.

489 1139 754 1182 Comminus
777 1144 824 1179 ut
848 1143 1020 1192 spectet
1044 1151 1229 1191 superos
1252 1136 1464 1190 caeloque
1487 1136 1671 1185 fruatur,

548 1207 716 1249 Montis
738 1207 782 1248 in
807 1205 961 1248 acclivi
985 1206 1126 1260 surgit
1151 1205 1298 1247 Edina
1320 1205 1439 1259 iugo.

489 1276 818 1319 Ancillatricem
844 1277 1049 1317 Cererem
1076 1275 1399 1330 Nymphasque
1422 1274 1667 1322 ministras,

548 1346 607 1386 Et
630 1345 894 1399 vectigalem
919 1344 1107 1397 despicit
1132 1344 1232 1385 inde
1255 1343 1435 1384 Thetin.

492 1415 580 1457 Hic
603 1415 676 1457 ubi
699 1414 927 1456 nascentis
951 1429 998 1455 se
1021 1415 1222 1468 pandunt
1247 1414 1418 1455 lumina
1444 1413 1625 1463 Phoebi,

548 1486 661 1526 Sede
684 1485 766 1526 sub
789 1484 939 1525 Arturi
963 1483 1084 1538 regia
1106 1489 1226 1525 tecta
1248 1483 1386 1534 vides,

491 1555 606 1598 Solis
628 1556 684 1597 ad
707 1569 915 1597 occasum
941 1568 1138 1608 surgens,
1161 1569 1239 1596 arx
1261 1553 1465 1595 imminet
1489 1553 1584 1596 urbi
1606 1569 1614 1594 :

549 1625 676 1666 Haec
698 1623 832 1665 habet
855 1623 1007 1665 Arctoi
1029 1623 1120 1665 tela
1142 1623 1373 1665 tremenda
1398 1622 1527 1664 Iovis.

491 1692 696 1746 Adspicis
719 1692 762 1733 in
786 1691 931 1734 medio
954 1692 1189 1746 templum,
1214 1692 1348 1733 decus
1371 1691 1493 1733 urbis
1515 1681 1558 1733 et
1581 1690 1714 1742 orbis,

550 1762 651 1802 Hac
674 1760 818 1815 pietas
842 1760 1047 1802 stabilem
1072 1760 1165 1801 fixit
1189 1760 1233 1801 in
1256 1761 1364 1802 aede
1387 1759 1542 1802 larem.

492 1831 667 1872 Cuncta
691 1829 836 1871 nitent
859 1829 981 1871 intus
1001 1844 1010 1879 ;
1045 1828 1207 1883 regalis
1229 1842 1350 1871 more
1373 1843 1563 1871 coronae

551 1899 732 1941 Plexilis
754 1906 911 1941 aurato
934 1913 1154 1941 marmore
1178 1899 1296 1940 lucet
1319 1913 1446 1953 apex,

492 1967 691 2022 Virginis
715 1969 928 2009 Astraeae
951 1969 1110 2009 domus
1133 1974 1199 2009 est
1224 1967 1503 2010 contermina
1525 1968 1709 2022 templo,

553 2037 703 2091 Digna
728 2038 942 2093 Polycleti
968 2038 1293 2092 Praxitelisque
1315 2052 1464 2079 manu.

493 2106 634 2149 Tecta
657 2108 807 2149 colunt
831 2108 950 2149 cives
973 2107 1078 2149 solis
1101 2108 1310 2151 heroibus
1333 2114 1450 2162 apta,

554 2176 733 2217 Nullius
755 2176 830 2218 illa
854 2176 1012 2225 minas,
1038 2177 1203 2218 nullius
1226 2191 1351 2219 arma
1372 2177 1548 2219 timent.

495 2244 657 2285 Albula
683 2244 962 2294 Romuleam,
984 2246 1204 2286 Venetam
1230 2260 1351 2287 mare
1374 2246 1547 2287 territat
1571 2247 1738 2297 urbem,

555 2314 678 2367 Quas
701 2313 827 2367 regit,
853 2315 1069 2355 undarum
1095 2314 1207 2356 ridet
1232 2315 1379 2356 Edina
1402 2315 1562 2356 minas.

498 2381 638 2422 Crede
661 2381 785 2431 mihi,
810 2396 1030 2436 nusquam
1053 2383 1122 2424 vel
1145 2384 1332 2438 sceptris
1356 2384 1501 2438 aptior
1523 2385 1628 2426 urbs
1651 2391 1731 2435 est,

556 2449 637 2490 Vel
660 2464 805 2491 rerum
830 2451 1009 2492 domina
1033 2451 1207 2505 dignior
1229 2453 1333 2494 urbe
1356 2452 1493 2494 loeus.

2074 1770 2126 1799 10

2075 2468 2130 2497 20
