2228 3372
718 304 931 343 PARERGA
965 296 1335 343 (SUPPLEMENT).

300 405 346 447 Si
370 406 501 459 sapis,
524 406 634 448 haec
657 407 796 448 sterili
820 409 992 462 praefer
1013 410 1282 451 commercia
1305 409 1474 460 caulae,

358 473 506 515 Prima
529 474 585 516 sit
608 474 855 518 instantem
883 478 1044 531 pellere
1068 492 1174 520 cura
1195 478 1406 520 famem.’'

300 543 373 585 Sic
396 544 596 597 queritur
617 546 790 596 coniux,
815 552 858 588 et
882 547 1084 602 coniugis
1106 549 1283 590 aemula
1305 548 1465 603 proles,

360 612 486 653 Haec
509 612 643 654 etiam
668 613 772 655 rixis
795 614 953 657 miscet
976 623 1020 657 et
1044 616 1119 658 illa
1141 616 1301 658 minas.

302 680 390 722 Hei
414 680 538 730 mihi,
563 682 751 733 custodi,
776 685 983 737 pecudes,
1008 685 1252 727 succurrite
1274 691 1436 737 vestro,

356 748 582 789 Auxilium
607 750 794 792 ducibus
817 751 928 793 ferre
950 759 1162 794 tenentur
1183 768 1302 795 oves.

302 818 401 858 Hoc
425 817 533 858 mihi
557 819 775 860 debetur?
809 820 933 861 vobis
956 835 1036 875 ego
1059 836 1226 875 pascua
1253 828 1467 872 monstro,

360 887 532 928 Pascua
555 888 781 942 Cecropiis
804 889 1093 932 anteferenda
1114 891 1240 932 favis.

302 957 433 996 Nunc
456 970 560 1009 rego
582 970 660 1010 per
680 971 838 1011 rupes:
873 973 991 999 nunc
1015 958 1058 999 in
1082 959 1359 1001 convallibus
1381 959 1497 1011 imis,

359 1025 554 1079 Carpitis
577 1027 835 1076 ambrosias,
858 1042 928 1069 me
951 1028 1208 1078 comitante,
1231 1030 1381 1083 dapes.

300 1093 512 1135 Aestibus
534 1093 578 1134 in
602 1094 760 1136 mediis
782 1095 924 1136 fessas
947 1097 1001 1137 ad
1024 1096 1210 1138 fiumina
1233 1098 1359 1147 duco,

362 1162 450 1204 Hic
473 1163 546 1204 ubi
570 1163 707 1205 divini
730 1164 924 1205 nectaris
948 1166 1066 1206 unda
1089 1165 1195 1206 fluit.

302 1232 390 1273 Hic
413 1234 566 1274 sedare
589 1233 710 1274 sitim
734 1234 801 1275 fas
824 1240 905 1284 est,
927 1240 969 1275 et
993 1249 1157 1288 ponere
1184 1237 1352 1286 sordes,

360 1301 586 1356 Quidquid
609 1309 651 1343 et
675 1302 899 1356 ingenitae
913 1312 1108 1357 'corpora
1131 1303 1244 1345 labis
1267 1304 1450 1346 habent.

302 1370 348 1412 Si
372 1386 504 1425 quam
529 1378 674 1413 tentat
698 1387 825 1413 ovem
849 1372 1036 1422 scabies,
1062 1388 1142 1427 ego
1166 1374 1408 1428 pharmaca
1431 1380 1624 1429 praesto,

361 1441 428 1481 Ne
451 1440 598 1494 gravis
621 1440 665 1481 in
689 1441 908 1494 reliquum
933 1448 1082 1496 serpat
1106 1442 1219 1483 ovile
1243 1442 1352 1484 lues.

303 1509 488 1550 Perdius
511 1515 553 1551 et
575 1524 743 1564 pernox
765 1510 901 1551 etiam
926 1510 1219 1552 morientibus
1237 1512 1380 1561 adsto,

361 1579 420 1619 Et
444 1593 545 1619 cum
569 1593 656 1620 non
681 1585 868 1633 prosunt
891 1579 1146 1633 pharmaca,
1168 1580 1306 1621 fundo
1329 1595 1493 1639 preces.

303 1647 462 1689 Hostis
486 1649 540 1690 ab
563 1648 737 1690 insidiis
760 1649 946 1690 miseras
969 1649 1202 1690 defendere
1230 1649 1397 1700 caulas,

360 1717 506 1771 Quam
529 1717 676 1771 gravis
699 1724 765 1759 est
790 1717 919 1759 nobis
947 1718 1285 1772 Herculeusque
1309 1718 1457 1760 labor!

304 1787 426 1828 Mille
450 1794 584 1842 caput
608 1788 819 1829 monstris
842 1788 1030 1838 obiecto,
1055 1788 1175 1829 mille
1198 1788 1388 1842 periclis,

361 1858 564 1911 Cumque
588 1857 703 1912 lupis
726 1857 886 1912 pavido
909 1872 986 1911 pro
1009 1871 1141 1911 grege
1165 1857 1281 1898 bella
1303 1871 1421 1914 gero.

303 1928 417 1969 Cum
441 1927 553 1973 nive,
576 1942 677 1968 curn
700 1927 874 1982 pluviis,
896 1942 997 1968 cum
1020 1927 1168 1969 ventis
1191 1941 1347 1981 aspera
1371 1933 1559 1981 surgunt

362 1996 549 2046 Proelia,
575 1998 680 2038 dum
703 2003 854 2050 partes
877 1996 1147 2038 excubitoris
1170 2011 1268 2050 ago.

306 2066 392 2107 His
414 2081 496 2121 ego
519 2081 598 2121 pro
621 2066 794 2108 meritis
820 2066 966 2121 patior
991 2066 1172 2116 ieiunia,
1198 2066 1360 2107 coniux

363 2135 533 2185 Esurit,
559 2142 601 2177 et
624 2135 793 2190 prolem
818 2141 994 2189 torquet
1022 2136 1180 2177 acerba
1206 2135 1360 2176 fames.

304 2205 448 2246 Nocte
472 2210 759 2246 revertuntur
781 2204 921 2246 saturi
945 2219 1046 2246 cum
1070 2204 1288 2246 matribus
1311 2203 1430 2258 agni,

363 2273 536 2315 Pastori
560 2274 727 2315 macies
750 2279 928 2328 asperat
951 2281 1049 2315 atra
1070 2288 1225 2328 genas.

304 2343 465 2384 Cetera
488 2349 722 2397 pastorum
746 2357 856 2396 gens
878 2344 1044 2397 gaudet
1068 2349 1186 2384 sorte
1210 2341 1416 2396 benigna,

364 2412 591 2465 Planaque
614 2418 719 2453 sunt
743 2411 806 2452 illi
829 2412 961 2461 dolia,
985 2412 1127 2453 farcta
1150 2426 1308 2466 penus.

305 2480 390 2522 Illa
412 2495 516 2522 suas
538 2482 709 2531 tondet,
734 2481 857 2522 nullo
880 2481 1104 2535 culpante,
1130 2481 1348 2530 bidentes,

363 2551 422 2591 Et
447 2557 638 2600 saturas,
663 2550 786 2591 nullo
809 2550 1008 2599 crimine,
1034 2550 1203 2604 mulget
1229 2564 1348 2591 oves.

305 2619 478 2661 Pastori
502 2619 568 2661 bis
592 2619 750 2673 quinta
773 2621 904 2661 datur
925 2634 1039 2674 pars,
1062 2619 1155 2661 iure
1178 2621 1294 2673 quod
1318 2619 1435 2660 ultra
1457 2625 1523 2659 est

363 2690 429 2730 Ad
453 2688 684 2730 dominum
708 2694 881 2742 spectat
906 2688 1246 2743 lanigerumque
1268 2702 1418 2742 pecus.

307 2759 414 2800 Pars
438 2758 547 2799 mihi
571 2772 683 2812 quae
707 2757 823 2799 cedit
847 2757 920 2799 vix
945 2764 1012 2798 est
1040 2757 1301 2806 centesima,
1325 2756 1479 2798 caulas

363 2828 436 2870 Sic
459 2842 542 2882 ego
564 2829 668 2869 dum
693 2834 852 2877 sector,
876 2841 946 2868 res
969 2826 1078 2868 mihi
1102 2840 1238 2881 parva
1261 2825 1379 2868 domi
1403 2832 1486 2867 est.

268 2919 321 2949 60.
348 2918 482 2958 Plana.]
529 2919 574 2949 So
593 2917 810 2958 Middelburg
827 2923 909 2948 text.
954 2916 1062 2948 Plena
1078 2926 1172 2948 more
1189 2915 1418 2957 appropriate.

269 2974 319 3012 63.
349 2973 408 3004 Bis
424 2973 544 3014 quinta
569 2997 575 3003 .
603 2996 609 3004 .
636 2996 643 3003 .
669 2974 773 3013 pars]
818 2971 974 3003 Allusion
991 2977 1027 3002 to
1044 2971 1101 3002 the
1119 2970 1258 3011 priestly
1275 2970 1388 3002 tithes.

1844 309 1924 338 221

1877 1042 1932 1083 40

1881 1732 1934 1772 50

1883 2410 1937 2450 60
