2228 3372
884 337 1132 368 EPIGRAMS.

552 899 587 939 9.
621 897 681 926 AD
716 897 921 927 EUNDEM
955 898 1189 928 CALENDIS
1223 897 1454 927 IANUARII.

276 1010 398 1050 Luce
421 1023 547 1050 sacra
572 1007 684 1057 Iani,
712 1010 977 1051 Ionstonum
1003 1024 1189 1051 munera
1213 1009 1413 1064 quisquis

335 1077 498 1128 Poscit,
522 1078 756 1119 inutilibus
779 1078 930 1120 littora
953 1080 1093 1120 bobus
1116 1086 1224 1120 arat.

275 1149 418 1203 Quem
443 1147 630 1189 colimus
652 1154 791 1197 vates,
816 1148 989 1201 argenti
1013 1148 1134 1189 dives
1158 1155 1200 1190 et
1223 1148 1317 1190 auri

333 1219 417 1258 Est
443 1218 581 1266 Deus,
606 1224 648 1257 et
673 1217 814 1258 maior
836 1217 1195 1271 splendidiorque
1221 1219 1340 1259 Iove.

275 1288 359 1328 Est
383 1286 509 1327 iubar
531 1292 753 1335 auratum,
778 1286 921 1327 radiat
945 1288 1104 1327 domus
1132 1301 1265 1328 aurea
1287 1286 1490 1340 gemmis,

333 1357 420 1397 Par
441 1355 601 1409 quibus
625 1355 709 1396 Eoi
733 1355 794 1395 nil
818 1353 952 1397 habet
976 1357 1095 1397 unda
1117 1356 1233 1397 freti.

274 1424 435 1466 Flectit
459 1430 501 1466 et
525 1423 775 1466 auricomos
799 1424 931 1465 rutilo
954 1430 1133 1466 temone
1157 1424 1340 1478 iugales,

332 1494 392 1534 Et
415 1492 528 1547 regit
551 1499 748 1542 auratas,
772 1507 934 1534 aureus
957 1492 1065 1547 ipse,
1090 1499 1226 1534 rotas.

274 1563 358 1604 Est
382 1568 424 1603 et
448 1561 574 1616 equis
595 1562 766 1603 fulvum
791 1563 907 1615 quod
931 1563 1152 1603 mandunt
1175 1561 1385 1603 dentibus
1408 1576 1582 1611 aurum,

331 1632 594 1685 Spectatum
618 1629 826 1679 flammis,
851 1630 986 1684 stirps
1011 1630 1297 1685 Clymenaea,
1323 1629 1428 1670 tuis.

273 1699 394 1741 Vivit
418 1706 460 1740 et
484 1699 709 1740 ambrosia
731 1713 869 1753 pecus
891 1699 974 1740 hoc
999 1704 1041 1739 et
1064 1704 1244 1740 nectare
1267 1712 1389 1752 puro,

333 1769 473 1825 Quale
496 1768 605 1810 bibit
629 1783 856 1822 superum,
881 1783 982 1810 cum
1009 1770 1128 1817 Iove,
1152 1774 1248 1809 tota
1271 1768 1444 1808 cohors.

275 1837 363 1879 Hei
386 1837 508 1884 mihi,
533 1837 751 1878 Phoebeis
772 1837 909 1878 facies
933 1844 999 1878 est
1023 1837 1166 1878 lurida
1193 1836 1366 1890 Mystis‚

333 1908 432 1948 Hos
454 1907 601 1961 gravis
625 1906 793 1948 esuries
816 1906 1141 1961 pauperiesque
1166 1905 1342 1960 premit.

274 1976 452 2018 Phoebe
474 1976 587 2025 vale,
611 1982 807 2017 veterem
831 1976 959 2017 fastis
982 1977 1113 2017 erade
1136 1976 1361 2025 clientem,

332 2047 405 2087 Me
428 2046 548 2100 piget
572 2045 748 2099 ingrato
773 2045 943 2086 solvere
965 2052 1069 2087 vota
1100 2046 1212 2086 Deo.

272 2113 394 2155 Tura
415 2114 560 2155 ferens
583 2113 771 2167 posthac
795 2113 994 2155 Gordoni
1019 2119 1194 2154 sternar
1216 2113 1270 2154 ad
1294 2127 1409 2162 aras,

332 2183 412 2224 Ille
436 2182 544 2223 mihi
568 2197 731 2237 magno
755 2183 836 2223 sub
862 2183 966 2224 Iove
991 2183 1172 2223 Numen
1200 2181 1296 2222 erit.

273 2253 374 2293 Non
397 2266 479 2306 ego
500 2251 689 2292 formido
712 2250 880 2292 domini
904 2265 958 2292 ne
983 2265 1103 2291 more
1128 2250 1284 2304 prioris

331 2322 388 2363 Se
410 2326 550 2375 gerat,
575 2320 778 2374 exemplo
801 2326 954 2374 peccet
978 2326 1020 2361 et
1045 2319 1116 2360 ille
1139 2326 1231 2360 tuo.

274 2391 377 2432 Una
400 2396 547 2430 metus
570 2403 705 2430 causa
727 2395 819 2429 est:
857 2389 1012 2430 Musas
1036 2389 1139 2430 colit
1163 2388 1263 2436 ille;
1288 2387 1462 2429 sodales

330 2459 417 2514 Qui
439 2458 615 2513 premit,
639 2459 757 2500 hunc
780 2457 896 2499 idem
919 2459 1009 2499 fors
1033 2473 1207 2512 quoque
1231 2459 1411 2499 morbus
1438 2457 1586 2498 habet.

1830 338 1909 381 179

1855 1641 1907 1669 10

1853 2331 1905 2360 20
