2228 3372
711 307 924 338 PARERGA
959 298 1328 346 (suPPLEMENT).

291 413 492 454 Nitimur
514 412 558 453 in
581 412 770 454 vetitum
790 427 798 453 :
832 412 1013 454 clausus
1037 411 1181 465 magis
1204 416 1382 452 aestuat
1406 409 1535 463 ignis,

350 483 585 535 Undaque‚
608 480 643 522 si
666 480 888 535 prohibeS,
914 495 1002 534 qua
1023 481 1129 522 data
1152 485 1295 533 porta,
1319 478 1422 520 ruit.

292 550 559 604 Indignatur
580 564 736 603 equus,
761 549 935 603 quoties
958 549 1123 603 premis
1146 563 1222 590 ora
1245 547 1428 602 lupatis,

350 621 542 662 Frendet
566 626 609 661 et
633 619 677 660 in
700 634 836 661 cavea
858 619 989 660 dente
1012 619 1238 660 timendus
1260 632 1375 672 aper.

289 689 359 732 Tu
382 690 477 731 sine
500 696 657 739 matre,
681 689 746 730 tui
769 695 1017 731 nascuntur
1039 688 1208 730 semine
1234 689 1424 742 Mystae,

350 760 462 808 Hos,
489 759 601 808 Dea,
627 773 682 799 ne
704 758 866 812 fungos
889 759 1027 806 crede,
1050 758 1126 799 sed
1149 772 1247 798 esse
1270 757 1399 798 viros.

291 828 364 869 Me
388 827 615 869 dominam
639 834 906 881 agnoscunt,
932 827 1093 881 quibus
1115 833 1182 868 est
1206 825 1415 880 genitalis
1439 824 1576 879 origo,

347 897 574 952 Quidquid
599 911 722 950 agas,
747 896 954 938 stimulos
978 896 1184 951 Cypridis
1207 896 1329 937 intus
1352 896 1502 936 habet.

296 967 433 1016 Dum,
460 967 571 1015 Dea,
597 966 850 1019 praeceptis
873 971 1081 1007 naturam
1104 965 1280 1007 vincere
1303 971 1468 1015 tentas,

352 1035 548 1089 Desipis,
574 1042 617 1077 et
642 1035 780 1077 sterili
804 1035 976 1076 semina
999 1035 1142 1076 credis
1166 1049 1287 1089 agro.

293 1106 503 1158 Dumque
526 1111 654 1146 vetas
676 1103 915 1154 thalamos,
940 1110 1018 1145 tua
1042 1104 1116 1158 qui
1139 1109 1379 1158 praecepta
1402 1108 1652 1157 sequuntur

350 1174 570 1228 Coniugio
594 1173 773 1227 gravius
795 1173 908 1214 ferre
931 1173 1140 1215 iubentur
1162 1187 1288 1214 onuS.

293 1244 469 1286 Vulnus
492 1244 618 1286 alunt
642 1243 781 1293 venis,
808 1258 932 1297 spem
955 1249 1004 1284 tu
1029 1242 1340 1284 medicaminis
1363 1243 1525 1293 aufers,

352 1315 411 1355 Et
436 1313 601 1355 statuis
626 1313 845 1354 medicam
870 1327 925 1353 ne
948 1318 1071 1366 petat
1095 1327 1226 1366 aeger
1248 1326 1393 1366 opem.

294 1384 404 1437 Igne
428 1384 587 1424 domus
610 1384 767 1424 ardent
792 1381 983 1432 Clariae,
1009 1382 1286 1435 restinguere
1308 1382 1517 1422 flammas

349 1452 419 1494 Tu
441 1452 663 1506 prohibeS‚
688 1451 896 1506 lymphas
919 1457 962 1492 et
986 1451 1138 1505 procul
1162 1465 1259 1492 esse
1282 1451 1424 1492 iubes.

294 1523 440 1577 Quam
465 1527 671 1575 spectant
695 1520 893 1571 iuvenes,
917 1534 1006 1560 non
1030 1521 1195 1561 audent
1219 1520 1352 1573 figere
1374 1519 1600 1573 praedam,

352 1591 472 1631 Dum
497 1590 671 1640 sitiunt,
696 1589 842 1631 scelus
860 1595 927 1630 est
950 1589 1063 1631 velle
1087 1589 1233 1631 levare
1256 1589 1392 1630 sitim.

296 1659 397 1702 Urit
421 1674 547 1701 amor
570 1659 721 1714 prolis,
744 1658 934 1700 thalami
956 1665 1005 1700 tu
1029 1658 1215 1713 pignora
1237 1659 1441 1707 damnas,

353 1730 588 1785 Quemque
611 1729 721 1770 colis
744 1729 869 1770 nullo
891 1729 1091 1783 germine
1113 1734 1268 1770 vernet
1291 1742 1409 1782 ager.

295 1799 408 1854 Quis
431 1799 554 1840 locus
577 1804 644 1840 est
669 1798 828 1840 studiis
851 1798 969 1839 inter
989 1798 1248 1839 tormenta?
1283 1797 1506 1851 palaestra

355 1868 482 1918 Haec
505 1873 599 1918 tua,
625 1868 753 1908 crede
776 1866 901 1917 mihi,
926 1866 1184 1908 carnificina
1207 1881 1329 1908 mera
1351 1872 1433 1907 est:

296 1938 410 1979 Sunt
434 1937 567 1987 mala,
592 1943 697 1979 sunt
720 1937 949 1987 thalamis,
973 1937 1129 1988 fateor,
1154 1952 1236 1978 sua
1257 1936 1418 1986 toxica,
1442 1935 1562 1979 virus

356 2007 500 2049 Dulce
522 2007 600 2048 sed
625 2006 809 2056 Idaliae,
834 2007 962 2048 dulce
986 2006 1148 2048 marita
1170 2007 1339 2048 malum
1363 2012 1446 2048 est.

298 2066 466 2118 Nectar
487 2077 739 2119 Acidalium
765 2077 987 2118 Permessi
1010 2083 1231 2131 temperat
1255 2078 1437 2127 undam,

357 2147 457 2187 Hoc
480 2146 575 2188 sine
598 2146 754 2188 letales
777 2152 882 2188 sunt
908 2146 1141 2188 Heliconis
1164 2161 1318 2200 aquae.

298 2215 546 2257 Commoda
570 2215 605 2256 si
629 2216 816 2270 quaeris,
840 2222 945 2269 quot
968 2230 1074 2270 apes
1097 2223 1344 2270 pascuntur
1365 2215 1409 2257 in
1435 2214 1601 2271 Hybla,

355 2283 442 2325 Tot
466 2285 597 2334 bona,
622 2298 756 2338 quam
781 2285 983 2335 damnas,
1007 2286 1140 2327 taeda
1162 2285 1322 2339 iugalis
1344 2285 1496 2326 habet.

302 2353 497 2395 Edomat
521 2359 564 2394 et
587 2354 798 2396 iuvenum
822 2354 1085 2408 tranquillat
1108 2361 1291 2409 pectora
1314 2354 1489 2404 coniUX,

358 2423 418 2464 Et
442 2438 555 2477 quae
577 2424 679 2466 fecit
703 2425 841 2466 Amor
860 2424 1059 2474 vulnera,
1082 2431 1211 2466 sanat
1236 2426 1429 2480 Hymen.

301 2492 456 2546 Nupta
477 2492 621 2534 virum
645 2499 831 2544 recreat,
854 2493 1022 2535 chartis
1045 2494 1283 2536 immersus
1305 2493 1468 2547 ineptis

360 2563 481 2603 Dum
505 2569 669 2617 stupet,
694 2569 737 2605 et
759 2564 904 2605 fessus
926 2563 998 2606 vix
1021 2579 1101 2606 sua
1124 2565 1324 2606 membra
1347 2563 1500 2605 trahit.

302 2632 468 2674 Oscula
491 2646 608 2674 nunc
631 2632 754 2683 libat,
778 2639 955 2674 teneras
978 2647 1095 2675 nunc
1118 2633 1302 2688 porrigit
1326 2634 1470 2683 ulnas,

360 2702 491 2743 Nunc
513 2702 631 2744 fovet
649 2694 698 2744 ‘in
721 2703 871 2757 tepido
893 2703 1052 2758 frigida
1075 2704 1275 2745 membra
1297 2703 1408 2744 sinu.

263 2876 314 2907 74.
344 2866 484 2906 Habet.]
532 2868 578 2898 So
595 2867 652 2898 the
671 2866 888 2908 Middelburg
904 2867 1044 2904 edition,
1061 2867 1121 2898 but
1138 2866 1260 2898 habent
1277 2877 1371 2898 more
1388 2866 1501 2906 likely.

263 2922 315 2954 81.
345 2922 474 2952 Domus
492 2921 652 2962 Clariae]
699 2923 830 2954 Homes
847 2921 914 2954 and
930 2922 1056 2953 haunts
1073 2922 1112 2952 of
1123 2921 1180 2953 the
1198 2922 1326 2952 Muses.

1839 305 1920 345 217

1868 626 1923 668 70

1871 1310 1926 1351 80

1874 2016 1929 2057 90

1849 2714 1929 2741 IOO
