2228 3372
1068 315 1424 346 EPIGRAMMATA.

512 423 688 464 Stultus
711 428 752 463 et
777 421 994 470 Aeolides,
1024 421 1128 461 dum
1152 434 1241 460 non
1264 418 1480 460 imitabile
1503 418 1672 459 fulmen

566 492 670 532 Arte
693 491 838 539 refert,
864 490 1000 530 misso
1024 491 1211 542 desuper
1232 488 1332 541 igne
1355 487 1482 541 perit.

511 559 569 600 Et
595 560 782 612 Satyrus
807 558 1048 606 Phoebum,
1076 557 1231 596 Musas
1257 556 1361 596 dum
1385 561 1596 609 provocat
1619 569 1774 596 amens

567 627 766 680 Evippae
790 626 976 674 soboles,
1002 625 1168 666 crimen
1192 630 1377 676 uterque
1401 623 1497 664 luit.

510 696 610 736 Non
635 709 714 748 ego
737 708 836 735 cum
863 692 1043 746 Superis
1066 693 1285 733 contendo
1310 692 1386 732 sed
1409 705 1525 740 area,
1551 692 1692 732 Vates

568 765 712 818 Quam
736 762 837 803 terit
860 761 945 810 hic,
970 760 1135 802 nostris
1158 767 1224 801 est
1248 760 1397 801 minus
1420 766 1526 814 apta
1547 759 1671 801 rotis.

510 833 577 874 Ne
600 838 699 886 pete
723 845 834 884 quae
856 830 986 871 fuerit
1009 836 1101 871 tam
1124 829 1228 870 vani
1252 844 1412 871 caussa
1435 829 1611 878 laboris,

567 902 623 943 Se
647 900 793 942 Clario
818 898 1017 953 quisquis
1040 898 1203 952 proluit
1227 913 1373 948 amne,
1398 898 1514 939 furit.

507 970 574 1011 Ah
593 971 600 1010 Ι
636 970 778 1023 liquor
799 969 869 1009 hic
892 969 1094 1022 populos,
1120 968 1194 1022 qui
1220 968 1385 1009 Phoebi
1410 974 1556 1009 castra
1579 974 1840 1022 sequuntur,

566 1037 791 1086 Fascinat,
816 1043 858 1077 et
882 1050 1102 1077 memores
1125 1051 1213 1076 non
1238 1035 1342 1076 sinit
1366 1050 1463 1077 esse
1487 1035 1566 1077 sui.

509 1107 554 1149 Si
577 1113 728 1148 tamen
753 1106 871 1147 haud
895 1105 1055 1147 meruit
1078 1105 1255 1147 veniam
1279 1106 1413 1155 furor,
1439 1105 1589 1159 accipe
1613 1120 1796 1147 causam

565 1176 720 1217 Invida
742 1189 854 1229 quae
880 1176 1032 1216 Momo
1054 1175 1241 1216 forsitan
1264 1189 1340 1216 ora
1363 1181 1546 1228 premet.

508 1243 655 1285 Cinxit
682 1243 910 1284 Iessiaden
936 1243 1242 1285 Buchananus
1268 1251 1406 1293 veste,
1431 1243 1610 1297 pyropis

565 1314 690 1367 Quae
714 1312 846 1353 simul
870 1319 912 1354 et
936 1327 1068 1354 cocco
1092 1312 1305 1353 nobiliore
1328 1312 1456 1362 nitet,

509 1382 647 1430 Haec,
670 1396 750 1435 ego
774 1396 907 1435 quam
931 1383 1062 1431 dono,
1086 1396 1166 1423 nec
1189 1381 1379 1435 gemmis
1402 1381 1520 1435 picta
1543 1395 1624 1423 nec
1647 1387 1767 1423 ostro
1791 1388 1870 1432 est,

563 1450 679 1492 Tota
702 1453 791 1500 sed,
817 1457 865 1492 ut
889 1451 1046 1501 cernis,
1072 1451 1264 1492 stamine
1286 1457 1410 1492 texta
1432 1451 1544 1492 rudi.

508 1521 602 1560 Rex
625 1526 717 1560 erat
742 1527 783 1561 et
806 1527 932 1561 vates
955 1520 1025 1561 hic
1049 1520 1119 1561 cui
1143 1519 1375 1568 servimus,
1401 1520 1593 1561 amictus

564 1589 622 1629 Et
646 1589 735 1642 regi
760 1595 802 1630 et
825 1588 915 1630 vati
939 1603 1027 1629 non
1051 1588 1160 1630 satis
1183 1603 1299 1629 unus
1322 1595 1430 1630 erat.

506 1656 622 1709 Apta
644 1656 856 1710 paludato
880 1656 1145 1698 Buchanani
1168 1671 1363 1710 purpura
1385 1656 1475 1710 regi
1499 1663 1580 1706 est,

565 1725 763 1779 Regibus
785 1732 861 1766 aut
885 1726 921 1766 si
944 1725 1048 1779 quid
1071 1725 1283 1778 grandius
1305 1725 1421 1767 orbis
1445 1725 1590 1766 habet.

507 1792 581 1833 Nil
605 1793 714 1834 mihi
737 1808 839 1835 cum
863 1794 1050 1847 sceptris
1070 1809 1077 1844 ;
1113 1808 1194 1847 ego
1217 1795 1271 1835 do
1294 1793 1518 1835 velamina
1540 1793 1658 1843 vati;

565 1862 700 1903 Hunc
723 1862 869 1904 decuit
893 1863 1016 1904 cultu
1039 1862 1307 1916 simpliciore
1329 1862 1434 1916 tegi.

508 1930 657 1971 Induit
681 1930 874 1972 Abiades
896 1931 1030 1985 Tyrio
1054 1946 1132 1985 pro
1157 1931 1324 1972 murice
1349 1938 1483 1980 setas,

566 1999 710 2052 Seque
733 2000 880 2053 gregis
903 2000 1019 2041 nivei
1042 2000 1203 2041 vellere
1226 2000 1335 2041 texit
1359 2002 1513 2041 Amos.

507 2068 630 2108 Adde
654 2071 770 2122 quod
794 2070 876 2110 hac
901 2076 1054 2111 nostra
1076 2069 1193 2110 vivet
1219 2069 1528 2111 Buchananus
1551 2069 1710 2123 opella,

566 2136 741 2178 Clarius
765 2144 807 2179 et
831 2138 962 2179 solito
986 2144 1164 2192 sparget
1188 2138 1231 2178 in
1250 2139 1359 2187 orbe
1382 2137 1523 2179 iubar.

508 2204 793 2257 Splendidius
816 2207 970 2248 stellas
993 2207 1104 2248 nitet
1129 2207 1243 2248 inter
1267 2207 1398 2247 Luna
1422 2206 1629 2256 minores,

565 2274 624 2315 Et
648 2274 790 2316 violae
813 2275 971 2329 lappis,
996 2283 1038 2317 et
1062 2290 1162 2317 rosa
1185 2275 1337 2317 iuncta
1360 2275 1495 2316 rubis.

509 2342 609 2383 Non
634 2357 715 2397 ego
737 2344 963 2397 dedignor,
987 2344 1132 2386 victus
1156 2344 1191 2385 si
1215 2344 1337 2385 dicar
1359 2345 1412 2386 ab
1436 2344 1525 2394 illo,

565 2413 651 2467 Qui
674 2414 808 2454 radiis
831 2414 984 2468 implet
1009 2414 1126 2456 Solis
1153 2421 1388 2467 utramque
1416 2416 1613 2455 domum.

507 2479 589 2521 Cui
612 2495 721 2534 gens
745 2481 968 2523 Ausoniae
991 2481 1112 2535 prius
1135 2488 1176 2523 et
1201 2497 1301 2523 cum
1326 2481 1530 2523 Teutone
1557 2481 1716 2524 Gallus

566 2549 725 2598 Cessit,
749 2550 804 2591 ab
828 2550 910 2592 hoc
933 2550 1048 2592 vinci
1073 2565 1151 2592 cur
1173 2565 1276 2604 ergo
1299 2557 1426 2604 turpe
1450 2552 1636 2605 putem?

511 2618 653 2672 Quem
678 2620 812 2671 pudet
836 2619 1055 2661 Aeacidae
1077 2619 1201 2661 fatali
1225 2620 1418 2674 cuspide,
1441 2620 1590 2673 magni

565 2687 707 2740 Quem
732 2687 851 2741 piget
875 2689 1050 2729 Aeneae
1075 2688 1362 2729 succubuisse
1386 2689 1555 2730 manu?

510 2755 609 2795 Hoc
633 2770 712 2809 ego
736 2771 805 2797 me
829 2757 959 2806 solor,
985 2771 1055 2797 me
1078 2758 1192 2810 quod
1217 2764 1315 2811 post
1339 2763 1464 2811 terga
1481 2757 1702 2810 relinquat

569 2825 699 2865 Musa
724 2825 954 2866 Caledonii
978 2832 1084 2866 nata
1109 2826 1190 2867 sub
1212 2840 1291 2866 axe
1314 2826 1411 2879 poli.

513 2892 611 2946 Quo
634 2893 771 2947 fulget
796 2893 904 2934 mihi
929 2900 1045 2935 terra
1069 2908 1244 2948 parem,
1270 2894 1528 2948 patriaeque
1552 2895 1790 2943 Camenae,

572 2962 672 3003 Non
697 2977 795 3004 mea
818 2963 1052 3004 dedecorat
1073 2963 1256 3017 plectra,
1281 2965 1356 3005 sed
1380 2971 1522 3013 ornat,
1548 2964 1703 3004 honos.

2079 636 2134 666 20

2079 1327 2134 1367 30

2079 2014 2134 2055 40

2079 2699 2134 2741 50
