2228 3372
313 273 338 314 8
1039 284 1395 315 EPIGRAMMATA.

357 697 520 737 LIIIA.
558 697 644 737 DE
679 696 956 738 AULAEIS
989 693 1342 744 ACUPICTIS‚
1379 695 1677 737 DOMINAE
1711 696 2069 739 ISABELLAE

588 776 897 826 SETONAE,
933 773 1319 818 COMITISSAE
1354 775 1835 818 LADERDELIAE.

481 916 666 957 Munere
690 929 777 957 non
801 929 902 965 uno,
928 929 1009 956 nec
1033 915 1087 957 ab
1110 928 1201 956 una
1222 920 1369 969 gente,
1396 913 1625 956 Minervae

535 984 678 1027 Texta
702 984 994 1027 Laderdeliae
1021 983 1257 1026 nobilitata
1278 983 1416 1025 vides.

476 1055 646 1095 Aurum
669 1053 764 1108 ripa
786 1053 914 1108 Tagi,
939 1054 1162 1095 donarunt
1186 1052 1338 1094 mollia
1361 1053 1492 1094 Seres

533 1122 764 1172 Stamina3
799 1137 910 1176 quae
932 1122 1064 1163 tinxit
1087 1136 1296 1176 purpura,
1322 1121 1460 1163 missa
1481 1120 1601 1176 Tyro
1623 1128 1706 1162 est.

477 1191 641 1234 Confer
663 1206 801 1246 opus:
837 1192 962 1246 Quae
985 1191 1081 1246 ripa
1103 1190 1232 1245 Tagi,
1258 1205 1370 1244 quae
1394 1204 1581 1232 munera
1604 1190 1748 1237 Seres

533 1262 658 1317 Quae
681 1260 827 1316 Tyrus
851 1261 922 1302 hie
946 1261 1098 1310 iactat,
1124 1259 1302 1302 Scotica
1325 1259 1463 1301 vincit
1486 1273 1608 1301 acus.

819 1400 858 1428 2.
893 1397 1073 1427 FLORES
1106 1397 1322 1427 EIUSDEM
1352 1395 1588 1427 ACUPICTI.

473 1478 588 1518 Vere
611 1491 725 1518 novo
747 1476 914 1530 primos
940 1477 1036 1518 Dea
1060 1491 1161 1518 curn
1187 1475 1371 1518 Setonia
1393 1475 1537 1526 flores,

531 1546 590 1586 Et
614 1545 779 1599 pictam
805 1544 933 1586 niveo
957 1546 1038 1587 sub
1061 1545 1171 1598 pede
1193 1544 1301 1586 vidit
1324 1545 1539 1586 humum:

473 1613 674 1668 Sumpsit
698 1628 843 1664 acum,
870 1614 1117 1668 Floraeque
1144 1613 1296 1668 legens
1322 1613 1525 1668 vestigia,
1550 1614 1684 1668 bysso

529 1684 729 1725 Naturae
751 1682 933 1725 simulat
957 1682 1222 1724 luxuriantis
1245 1697 1370 1737 opus.
1534 1688 1538 1690 “
2054 1695 2108 1725 10

472 1752 604 1795 Iridis
625 1752 697 1794 hic
719 1751 879 1802 varios,
905 1758 948 1794 et
972 1751 1093 1793 mille
1116 1751 1351 1806 papaveris
1374 1751 1500 1806 ignes

527 1822 744 1876 Adspicis,
766 1828 809 1863 et
832 1821 953 1863 rutili
976 1822 1051 1863 fila
1073 1821 1239 1863 tenella
1261 1821 1391 1864 croci.

471 1890 558 1933 Hic
581 1890 870 1946 ferrugineas,
895 1897 1103 1945 ostroque
1127 1905 1322 1945 auroque
1346 1897 1592 1941 comantes,

526 1961 586 2002 Et
608 1960 749 2002 violas
771 1960 895 2002 cultu
922 1959 1185 2002 versicolore
1211 1959 1350 2002 vides.

467 2029 670 2072 Candida
693 2029 872 2072 luteolis
894 2029 1139 2071 miscentur
1161 2028 1253 2071 lilia
1276 2029 1453 2079 calthis,

526 2099 585 2140 Et
609 2098 776 2153 tulipae
800 2098 880 2139 soli
904 2098 1208 2152 sideribusque
1231 2112 1374 2152 pares.

469 2166 556 2209 Hic
575 2181 674 2209 rosa
696 2181 776 2221 par
798 2181 943 2216 cocco,
968 2181 1048 2221 par
1070 2173 1136 2208 est
1159 2172 1202 2208 et
1225 2167 1432 2208 dentibus
1457 2166 1595 2216 Indis,

525 2237 651 2277 Haec
674 2235 786 2278 collo
809 2236 1015 2278 dominae
1038 2236 1258 2285 concolor,
1283 2236 1359 2277 illa
1382 2235 1531 2278 labris.

464 2305 680 2347 Aemulus
705 2305 775 2346 hic
799 2305 922 2346 caelo
945 2319 1114 2360 cyanus
1137 2304 1248 2346 nitet
1273 2304 1387 2345 inter
1409 2304 1587 2354 ocellos,

523 2375 582 2416 Et
606 2381 846 2428 sceptrum,
872 2381 914 2416 et
939 2373 1075 2429 Tyrio
1098 2374 1240 2416 tincta
1262 2388 1425 2416 corona
1447 2375 1572 2416 cado.
2046 2387 2100 2416 20

506 2509 682 2548 Setonae.]
729 2508 797 2540 She
814 2518 885 2540 was
909 2518 928 2539 a
954 2508 1070 2547 Set0n‚
1092 2508 1168 2539 wife
1193 2508 1231 2540 of
1251 2508 1353 2548 John,
1372 2508 1444 2540 first
1467 2508 1556 2540 Earl
1579 2509 1618 2540 os
1638 2507 1863 2545 Lauderdale,
1880 2507 1949 2539 and
1965 2507 2098 2540 mother

288 2564 327 2596 os
346 2564 447 2604 John,
470 2563 541 2594 first
565 2563 663 2594 Duke
686 2563 724 2594 os
746 2562 970 2599 Lauderdahe,
995 2562 1097 2604 being
1121 2563 1179 2594 the
1204 2563 1330 2594 second
1354 2563 1521 2604 daughter
1545 2563 1585 2594 of
1604 2561 1794 2594 Alexander
1816 2563 1922 2594 Seton
1942 2561 2012 2604 (see
2030 2562 2098 2593 No.

287 2619 410 2650 CXIV.
427 2618 469 2660 1),
485 2618 563 2650 Earl
576 2618 615 2649 of
629 2618 863 2649 Dunfermline
881 2617 948 2648 and
966 2618 1168 2649 Chancellor
1185 2618 1223 2649 of
1237 2618 1411 2650 Scotland.
1459 2618 1610 2649 William
1630 2617 1844 2649 Drummond
1859 2616 1923 2648 has
1939 2616 2097 2658 obituary

285 2683 398 2704 verses
422 2678 457 2703 to
480 2672 538 2704 her
566 2673 650 2704 after
675 2672 733 2703 her
757 2671 859 2703 death
885 2671 967 2711 (znd
998 2672 1203 2712 November,
1235 2673 1329 2712 1638)
1353 2673 1544 2712 (Masson's
1567 2672 1789 2709 Drummond,
1814 2682 1846 2713 p.
1871 2670 1961 2713 447).
2026 2671 2098 2703 Her

285 2727 610 2768 accomplishments
626 2737 714 2758 were
732 2726 935 2767 hereditary,
951 2736 988 2757 as
1006 2726 1063 2758 her
1081 2726 1189 2757 father
1205 2737 1277 2758 was
1291 2736 1311 2758 a
1327 2737 1406 2758 man
1424 2727 1463 2758 of
1474 2726 1662 2769 singularly
1674 2726 1742 2758 fine
1760 2732 1851 2758 taste
1868 2725 1936 2758 and
1952 2725 2094 2758 culture.

287 2782 358 2814 Her
374 2782 512 2823 epitaph
529 2792 673 2823 appears
690 2789 724 2813 at
742 2782 862 2823 length
881 2782 914 2813 in
931 2782 1098 2824 Epitaphs
1116 2782 1263 2823 (Glasg.,
1283 2784 1376 2823 1834,
1394 2793 1426 2824 p.
1447 2782 1532 2824 189).

419 2850 467 2879 16.
494 2848 669 2890 Tulipae.]
716 2857 785 2879 Aa).
814 2858 894 2889 1577
919 2848 948 2879 is
975 2848 1074 2890 given
1104 2858 1141 2880 as
1170 2848 1228 2879 the
1252 2848 1333 2880 date
1361 2849 1400 2880 of
1422 2848 1509 2880 their
1536 2847 1609 2879 first
1635 2857 1847 2890 appearance
1870 2847 1905 2879 in
1936 2847 2096 2879 Western

286 2902 432 2943 Europe.
