2228 3372
356 304 437 345 228

944 313 1156 343 PARERGA
1192 303 1561 349 (SUPPLEMENT).

529 419 753 461 Excubias
776 417 964 472 agimus,
988 416 1143 469 vigiles
1167 421 1208 456 et
1237 416 1396 456 ducere
1423 421 1578 455 noctes

589 491 670 530 Est
694 488 904 536 studium,
928 495 970 528 te
994 488 1112 535 dum,
1137 486 1348 535 Psittace,
1373 500 1556 527 somnus
1580 485 1731 526 habet.

531 555 709 597 Limina
732 561 958 596 servantes
981 553 1102 594 nullo
1125 552 1450 606 corrumpimur
1473 562 1593 602 a'uro,

588 626 732 665 Nemo
754 629 898 677 potest
923 621 1064 676 pretio
1086 621 1275 667 flectere,
1298 636 1429 662 nemo
1451 635 1594 675 prece.

531 695 631 734 Non
654 700 804 734 tamen
828 692 1046 732 intrantes
1069 691 1232 732 latratu
1256 690 1466 744 pellimus
1486 706 1493 731 1
1532 691 1728 733 Umbros

589 763 688 803 Hoc
712 763 850 810 decet,
875 767 917 802 et
941 774 1052 814 quos
1074 760 1157 801 fert
1181 767 1298 801 terra
1324 760 1521 801 Molossa
1548 774 1696 801 canes.

532 831 758 872 Murmure
782 830 998 871 duntaxat
1021 828 1145 870 tenui
1168 843 1249 870 nos
1273 829 1518 883 promimus
1541 829 1642 878 iras,

586 898 754 940 Audaci
778 897 949 939 iuvenis
972 912 1073 939 cum
1097 899 1207 952 pede
1230 904 1349 939 tecta
1372 898 1502 940 subit.

531 968 724 1009 Eminus
747 967 969 1009 interdurn
995 982 1168 1009 morsus
1192 967 1458 1009 simulamus
1481 967 1650 1015 inanes,

589 1037 825 1079 Cernimur
846 1043 889 1078 et
912 1037 1109 1078 lacrimis
1131 1037 1302 1091 tingere
1327 1052 1460 1092 saepe
1483 1052 1634 1092 genas.

532 1106 752 1148 Ludimus
774 1105 958 1160 imperio
981 1106 1203 1156 dominae,
1227 1106 1339 1161 fugit
1365 1108 1478 1156 Issa,
1506 1107 1761 1160 Melampus

590 1174 859 1229 Insequitur,
884 1182 1060 1229 tergum
1085 1176 1295 1230 Laelapis
1318 1177 1438 1217 Aura
1462 1175 1637 1230 premit.

532 1244 797 1294 Sternirnur,
822 1243 1046 1298 erigimur,
1070 1259 1178 1300 gyro
1201 1260 1375 1299 quoque
1397 1244 1627 1295 vertimur,
1652 1245 1796 1286 audax

590 1313 677 1355 Hic
701 1313 908 1355 dominae
931 1314 1096 1368 pallam
1119 1314 1353 1368 prensitat‚
1379 1314 1452 1356 ille
1477 1328 1676 1355 manum.

533 1385 663 1425 Nunc
686 1383 808 1424 iuvat
832 1382 976 1433 irasci,
1001 1389 1179 1425 teneras
1203 1398 1320 1425 nunc
1344 1383 1511 1437 lingere
1535 1384 1724 1438 palmas,

589 1453 722 1493 Nunc
745 1451 882 1501 labra,
907 1466 1025 1493 nunc
1048 1452 1205 1493 timido
1228 1452 1470 1494 lambimus
1493 1467 1566 1493 ore
1589 1466 1743 1506 genas.

532 1521 728 1563 Naribus
750 1521 976 1575 ingratum
1000 1521 1136 1563 catuli
1159 1522 1381 1576 spiramus
1405 1523 1599 1571 odorem,

589 1591 671 1631 Ast
694 1591 802 1631 odor
823 1589 909 1639 hic,
936 1590 1107 1632 medico
1130 1590 1288 1640 iudice,
1314 1605 1446 1644 saepe
1469 1590 1606 1632 iuvat.

534 1659 656 1702 Utile
680 1665 931 1700 castoreum
956 1665 1036 1708 est,
1061 1665 1104 1700 et
1128 1665 1396 1701 centaurea:
1431 1658 1665 1713 mephitim

591 1729 717 1770 Haec
740 1734 892 1769 tamen
915 1728 1141 1777 exhalant,
1166 1728 1291 1782 peius
1315 1734 1357 1769 et
1381 1727 1489 1769 illud
1512 1728 1615 1769 olet.

535 1797 772 1851 Unguibus
795 1811 1035 1847 armamur,
1061 1797 1303 1850 rostrisque
1327 1796 1591 1846 minacibus,
1617 1810 1789 1850 ungues

591 1865 727 1907 Nulla
750 1872 901 1907 tamen
925 1872 1101 1907 nostros
1123 1865 1261 1920 virgo,
1285 1866 1354 1908 vel
1378 1880 1469 1916 ora,
1493 1865 1632 1907 timet.

533 1936 732 1978 Vulnera
756 1936 861 1976 dent
886 1936 1074 1990 Spartae
1097 1935 1248 1986 eatuli,
1274 1936 1556 1991 grandesque
1581 1934 1779 1984 Molossi,

592 2006 687 2046 Nos
710 2004 820 2046 levis
842 2010 885 2046 et
908 2010 1087 2046 tantum
1110 2004 1280 2059 pumila
1302 2006 1433 2047 turba
1456 2019 1627 2046 sumus.

535 2075 749 2130 Cogimur
770 2073 918 2124 irasci,
943 2075 1018 2115 sed
1042 2080 1147 2116 sunt
1171 2074 1265 2116 sine
1287 2074 1454 2116 viribus
1478 2074 1582 2124 irae,

593 2146 652 2185 Et
677 2143 853 2199 quoties
875 2144 962 2186 iras
986 2143 1221 2193 sumimus,
1246 2158 1348 2186 ossa
1370 2150 1584 2185 tremunt.

536 2213 748 2256 Mollibus
771 2213 815 2254 in
839 2213 1000 2255 catulis
1025 2213 1085 2254 nil
1109 2212 1388 2254 formidabile
1411 2212 1570 2262 cernis,

593 2283 759 2323 Nostra
782 2282 940 2323 cohors
963 2282 1085 2323 nullo
1108 2281 1326 2335 sanguine
1350 2281 1483 2335 tingit
1507 2281 1710 2322 humum.

533 2352 603 2394 Tu
625 2351 775 2406 potius
797 2358 962 2393 terrore
985 2351 1144 2405 quatis,
1167 2366 1277 2405 quos
1300 2351 1518 2405 adspicis:
1553 2365 1678 2392 arma

592 2421 786 2463 Ludicra
810 2428 913 2462 sunt
938 2420 1080 2471 nobis,
1105 2427 1154 2462 tu
1177 2421 1432 2462 truculenta
1453 2419 1584 2474 geris.

535 2491 649 2532 Sunt
673 2489 751 2531 tibi
776 2505 886 2543 quos
909 2495 1031 2544 optet
1055 2489 1206 2543 magni
1232 2489 1351 2530 Iovis
1374 2489 1566 2543 armiger
1588 2502 1775 2542 ungues,

595 2560 846 2612 Rostraque
872 2559 1129 2600 Caucaseus
1152 2558 1302 2612 qualia
1324 2559 1473 2599 vultur
1496 2558 1645 2599 habet.

537 2629 637 2669 Iure
660 2634 762 2669 tuos
787 2642 960 2681 ungues
983 2634 1190 2669 metuunt
1215 2634 1256 2669 et
1280 2634 1423 2669 rostra
1445 2626 1633 2682 puellae,

594 2698 763 2738 Forsan
787 2703 830 2738 et
854 2697 963 2739 haec
987 2696 1194 2738 dominae
1217 2703 1322 2738 sunt
1346 2697 1548 2738 nocitura
1570 2702 1686 2738 tuae.

2109 1599 2162 1641 50

2109 2280 2163 2321 60

500 2930 549 2959 43.
581 2920 774 2960 Ludimus]
820 2920 894 2952 The
911 2920 1116 2961 description
1135 2920 1173 2952 of
1185 2920 1242 2951 the
1260 2919 1413 2961 gambols
1430 2920 1468 2951 of
1480 2919 1565 2960 dogs
1582 2919 1614 2949 in
1632 2918 1729 2949 these
1746 2917 1830 2949 lines
1848 2917 1875 2948 is
1890 2927 1971 2957 very
1987 2915 2134 2947 notable.
