2228 3372
334 314 416 367 138

1055 321 1414 352 EPIGRAMMATA.

1062 440 1101 481 9.
1138 437 1416 467 DUMBARUS.

506 532 627 582 Istis,
648 546 761 586 quae
784 544 1005 578 numeras,
1028 530 1183 580 fateor,
1210 531 1334 571 Deus
1359 529 1497 582 aliger
1518 529 1656 572 armis

565 601 757 650 Militat3
792 607 862 642 ast
885 598 1000 641 oculi
1024 606 1129 641 sunt
1153 598 1197 640 in
1221 613 1372 641 amore
1399 600 1549 641 duces.

1049 774 1115 802 10.
1151 771 1434 802 IONSTONUS.

510 866 687 908 Primus
709 866 852 908 honos
874 865 1014 908 oculis
1038 865 1197 907 merito
1219 866 1420 915 debetur,
1445 872 1489 907 at
1512 865 1599 907 ista

563 936 700 978 Arma
722 934 907 990 puellari
931 941 1035 976 sunt
1059 934 1204 989 magis
1221 940 1328 988 apta
1350 934 1490 989 gregi.

1066 1109 1128 1137 11,
1165 1107 1438 1137 DUMBARUS.

513 1198 750 1241 Femineos
773 1213 876 1253 ergo
899 1213 977 1240 cur
998 1213 1087 1241 non
1113 1200 1210 1240 Dea
1234 1198 1427 1253 sumpsit
1451 1198 1629 1248 ocellos,

571 1270 689 1324 Apta
711 1268 898 1323 puellari
923 1268 959 1309 si
976 1268 1095 1323 petit
1118 1282 1244 1310 arma
1267 1268 1435 1310 choro?

1057 1443 1119 1471 12.
1159 1441 1436 1471 IONSTONUS.

516 1534 690 1576 Obtulit
714 1534 874 1575 infanti
898 1548 980 1575 sua
1003 1532 1173 1575 lumina
1197 1540 1340 1574 mater
1362 1534 1595 1582 Amorum,

575 1604 662 1646 Sed
686 1603 843 1658 puduit
867 1610 1040 1645 castam
1064 1602 1236 1645 lumina
1258 1603 1371 1644 ferre
1395 1602 1542 1657 lupae.

1061 1776 1125 1815 13
1159 1774 1433 1805 DUMBARUS

520 1867 612 1909 Cur
633 1866 786 1908 oculos
809 1865 871 1907 illi
895 1866 1125 1920 praeberet
1150 1865 1315 1920 Cypria
1339 1872 1493 1915 mater,

577 1936 647 1976 An
670 1942 748 1977 tua
771 1942 904 1990 capta
927 1935 1080 1986 oculis,
1103 1950 1159 1977 an
1185 1936 1282 1976 Dea
1308 1935 1433 1976 lusca
1459 1935 1576 1976 fuit?

1067 2107 1451 2149 14.10NST0NUs.

525 2200 619 2240 Nec
640 2199 723 2241 fuit
746 2200 853 2241 orba
875 2199 1031 2249 oculis,
1057 2214 1136 2241 nec
1160 2199 1297 2249 lusca,
1320 2201 1397 2241 sed
1421 2213 1546 2241 urere
1569 2198 1764 2241 flammis

583 2269 759 2310 Cuncta
782 2267 961 2318 timens,
987 2268 1140 2310 oculos
1163 2267 1326 2310 occulit
1350 2268 1426 2310 illa
1448 2283 1567 2310 suos.

1068 2440 1133 2483 15.
1169 2441 1446 2470 DUMBARUS.

528 2530 575 2573 Si
597 2530 747 2573 clades
770 2530 1003 2572 hominum
1029 2537 1233 2572 metuens
1255 2530 1488 2572 abscondit
1519 2530 1698 2580 ocellos,

587 2601 678 2642 Cur
700 2614 788 2642 non
811 2599 1045 2643 abscondit
1068 2599 1194 2650 colla,
1217 2599 1394 2650 labella,
1417 2600 1590 2654 genas?

1071 2755 1452 2796 16.10NSTONUS.

533 2859 633 2900 Hoc
657 2873 830 2912 quoque
853 2857 1045 2909 fecisset,
1071 2860 1147 2900 sed
1170 2860 1363 2913 prudens
1386 2858 1509 2913 virgo
1531 2857 1730 2908 timebat,

591 2928 826 2970 Desereret
849 2935 989 2970 terras
1012 2943 1066 2970 ne
1089 2928 1301 2983 fugitivus
1324 2929 1473 2969 Amor.
