2228 3372
339 299 424 330 202

1075 291 1434 323 EPIGRAMMATA.

662 910 870 953 CXLVI.
932 909 1017 950 AD
1054 908 1376 958 DOMINAM,
1413 909 1498 949 EX
1530 909 1823 951 ANGLICO.

517 1037 584 1078 Ne
605 1035 780 1090 rogites,
803 1049 978 1076 roseum
1002 1034 1066 1076 sol
1089 1035 1195 1076 dum
1219 1034 1348 1076 iubar
1370 1033 1577 1088 explicat,
1602 1049 1710 1076 auro

577 1105 818 1160 Fulgentes
841 1104 993 1154 atomi,
1019 1119 1105 1158 quo
1127 1105 1312 1146 volitare
1336 1110 1508 1158 parent.

520 1177 619 1217 Hoc
643 1174 751 1217 caeli
775 1189 1074 1228 superumque
1096 1174 1220 1216 favor
1241 1181 1284 1215 te
1308 1174 1488 1228 pulvere
1512 1175 1662 1223 donat,

575 1247 635 1287 Et
659 1247 812 1286 Venus
835 1245 953 1286 hune
977 1245 1101 1286 cirris
1124 1244 1323 1298 implicat
1347 1244 1443 1298 ipsa
1465 1244 1570 1285 tuis.

519 1317 587 1357 Ne
610 1315 789 1369 rogites,
814 1329 901 1368 quo
924 1321 1076 1368 carpat
1100 1314 1185 1355 iter
1208 1314 1472 1364 Philomela,
1496 1314 1655 1368 pruina

577 1384 697 1425 Dum
721 1383 822 1433 ruit,
847 1389 889 1424 et
912 1382 1107 1437 patrium
1131 1389 1220 1424 stat
1244 1382 1338 1424 sine
1360 1382 1513 1424 fronde
1536 1397 1708 1424 nemus.

520 1453 604 1495 Illa
627 1453 692 1494 tui
714 1452 881 1506 liquido
904 1467 950 1494 se
973 1454 1168 1494 condens
1191 1452 1385 1506 gutturis
1407 1459 1536 1494 antro

579 1522 666 1564 Hic
690 1522 873 1570 hiemat,
897 1536 1082 1563 vernum
1104 1521 1249 1563 fundit
1273 1528 1315 1563 et
1338 1521 1438 1563 inde
1463 1522 1614 1563 melos.

522 1593 589 1634 Ne
613 1591 790 1646 rogites,
816 1606 902 1645 quo
927 1592 1059 1633 Flora
1082 1606 1206 1632 rosas
1230 1591 1419 1645 ableget,
1440 1592 1494 1632 ab
1517 1587 1653 1633 Arcto

578 1661 653 1703 Sol
677 1661 750 1703 ubi
775 1661 964 1702 declives
986 1661 1030 1701 in
1056 1661 1206 1702 Noton
1230 1668 1355 1714 urget
1379 1675 1537 1714 equoss

525 1729 624 1770 Hae
647 1729 727 1770 tibi
751 1743 797 1770 se
821 1729 986 1770 sistunt
1007 1743 1014 1778 ;
1047 1735 1096 1770 tu
1121 1728 1241 1769 mille
1264 1728 1432 1770 rosaria
1451 1730 1617 1770 mundo

581 1798 772 1848 Sufficis,
797 1805 839 1839 et
862 1798 1020 1839 florum
1045 1797 1217 1839 semina
1239 1797 1360 1838 mille
1382 1798 1517 1839 foves.

524 1870 592 1910 Ne
614 1868 794 1923 rogites,
820 1868 976 1909 rutilas
999 1883 1085 1922 quo
1109 1875 1311 1921 mergant
1336 1868 1510 1922 gurgite
1533 1868 1739 1910 flammas

582 1939 750 1987 Sidera,
776 1952 888 1991 quae
912 1938 1011 1982 labi,
1034 1945 1163 1979 nocte
1187 1938 1360 1987 silente,
1384 1938 1522 1979 vides.

525 2007 650 2048 Haec
672 2006 813 2048 oculis
835 2006 954 2060 rapis
977 2014 1097 2048 astra
1119 2007 1222 2056 tuis,
1247 2007 1316 2047 his
1338 2007 1518 2048 orbibus
1541 2008 1740 2058 haerent,

583 2075 684 2115 Non
708 2089 835 2115 secus
858 2088 908 2115 ac
932 2074 1103 2128 superis
1127 2074 1271 2116 sidera
1294 2075 1381 2116 fixa
1403 2075 1526 2116 rotis,

525 2144 619 2184 Nec
643 2142 820 2196 rogiteS,
840 2143 993 2184 nidum
1016 2143 1208 2196 phoenix
1231 2158 1286 2184 an
1309 2150 1407 2185 ture
1436 2144 1655 2186 calentem

583 2213 724 2253 Ponat
748 2211 791 2252 in
816 2212 923 2252 Eois
950 2212 1233 2266 Hesperiisve
1255 2213 1409 2266 plagis.

524 2282 591 2322 Ad
613 2287 656 2322 te
678 2281 894 2322 festinans
917 2281 1039 2322 senio
1062 2281 1290 2323 confectus
1314 2281 1458 2332 inerti,

583 2350 687 2390 Ales
710 2349 753 2390 in
777 2350 998 2391 ambrosio
1021 2350 1204 2404 liquitur
1224 2350 1295 2391 ille
1320 2351 1433 2392 sinu.

2096 1674 2148 1703 10

2099 2365 2153 2394 20
