2228 3372
332 287 414 328 216

922 291 1135 323 PARERGA
1169 277 1539 328 (SUPPLEMENT).

499 400 569 443 Tu
593 413 765 454 pugnas
788 404 830 440 et
855 402 1002 439 castra
1023 392 1154 448 regis,
1179 391 1420 434 metuenda
1441 389 1609 444 virago,

562 470 687 510 Dura
708 475 861 509 tamen
885 463 1032 506 mollis
1055 468 1203 504 castra
1225 460 1482 514 frequentat
1504 460 1655 500 Amor.

503 537 669 580 Oscula
692 535 901 589 belligero
925 531 1067 574 iunxit
1093 529 1261 571 Briseis
1284 527 1470 578 Achilli,

559 608 761 660 Sponsus
784 610 826 645 et
850 599 1189 643 Andromachae
1212 597 1401 640 Troicus
1427 597 1600 638 Hector
1622 601 1727 638 erat.

502 676 595 716 Nec
620 688 744 715 meus
768 674 954 718 Aeneas,
976 683 1058 711 nec
1081 674 1175 710 erat
1200 667 1295 708 sine
1319 666 1508 720 coniuge
1532 665 1752 715 Theseus,

560 743 724 797 Nupsit
748 749 790 783 et
818 738 1071 782 Haemonio
1095 736 1276 780 Colchis
1299 735 1452 790 iniqua
1474 735 1589 777 duci.

499 812 568 854 Tu
592 813 718 853 lanas
742 809 913 851 mollire
936 809 1068 850 doces
1091 813 1134 848 et
1157 808 1318 848 ducere
1347 805 1437 855 fila,

559 882 617 922 Et
641 880 813 921 radium
838 877 992 919 sollers
1014 884 1057 918 et
1081 874 1325 917 moderaris
1347 888 1493 916 acum.

502 951 667 990 Nostra
690 954 841 989 tamen
865 945 1027 1001 Tyriae
1051 951 1287 986 senserunt
1309 942 1457 985 vincla
1484 942 1672 997 puellae,

560 1017 699 1059 Icaris
722 1024 764 1058 et
787 1015 949 1057 textrix
972 1014 1095 1064 dixit,
1124 1014 1288 1069 Ulysse
1311 1012 1426 1055 veni.

502 1086 664 1127 Solane
687 1099 798 1140 gens
822 1084 989 1125 Phoebi
1013 1082 1178 1124 nostris
1202 1082 1426 1124 arcebitur
1451 1080 1554 1130 aris,

559 1155 740 1196 Nesciet
763 1160 806 1196 et
831 1153 936 1208 quid
959 1153 1015 1195 sit
1040 1152 1218 1208 Cypria,
1244 1151 1349 1206 quid
1372 1151 1428 1192 sit
1455 1150 1670 1205 Hymen?

503 1223 655 1265 Mitior
677 1230 758 1273 est,
784 1223 907 1264 silvis
932 1224 1031 1264 Dea
1054 1236 1166 1276 quae
1188 1227 1380 1263 venatur
1400 1220 1444 1261 in
1468 1219 1586 1269 altis,

560 1292 644 1334 Illa
667 1292 844 1346 quidem
867 1284 991 1345 virgo
1015 1297 1097 1341 est,
1124 1291 1200 1331 sed
1223 1296 1376 1330 tamen
1400 1302 1542 1342 aequa
1563 1286 1684 1329 viris.

503 1361 619 1402 Fixit
644 1375 774 1415 apros
799 1360 1040 1414 Cephalus,
1064 1359 1209 1401 tenuit
1232 1358 1455 1400 venabula
1478 1356 1667 1407 Procris,

560 1432 704 1472 Ambo
727 1437 879 1471 tamen
903 1429 1061 1471 iaculis
1084 1429 1359 1470 succubuere
1382 1427 1506 1469 meis.

505 1501 628 1542 Gens
651 1514 777 1541 sacra
801 1514 878 1541 cur
903 1499 1082 1540 Phoebo
1103 1498 1263 1552 vigiles
1286 1497 1438 1539 trahat
1461 1496 1630 1538 innuba
1652 1496 1840 1537 noctes?

562 1567 643 1608 Ille
669 1569 793 1609 Deus
816 1567 956 1609 nostri
978 1581 1082 1621 pars
1105 1567 1187 1608 fuit
1212 1581 1302 1608 una
1324 1565 1483 1619 gregis.

504 1637 667 1679 Omnia
690 1637 763 1690 qui
786 1643 938 1686 torret,
963 1637 1053 1678 vim
1077 1642 1277 1677 nostram
1302 1635 1442 1676 sensit
1466 1640 1509 1676 et
1529 1634 1673 1689 ignes,

563 1706 701 1747 Fixus
723 1713 766 1748 et
791 1706 933 1748 Idalia
955 1705 1152 1760 cuspide,
1178 1705 1301 1755 dixit,
1327 1706 1466 1746 Amo:

506 1776 600 1817 Nec
624 1790 798 1829 semper
820 1775 1008 1825 steriles,
1033 1789 1113 1816 nec
1138 1780 1271 1816 erant.
1288 1774 1383 1815 sine
1406 1772 1594 1828 coniuge
1619 1774 1791 1823 Musae,

563 1845 723 1886 Iuncta
748 1845 845 1886 Deo
869 1850 912 1885 et
936 1850 1081 1885 mater
1103 1843 1333 1897 Calliopea
1354 1842 1452 1884 fuit.

507 1914 601 1955 Nec
625 1913 786 1954 studiis
808 1915 987 1955 obstare
1009 1912 1100 1954 tuis
1122 1927 1194 1953 me
1216 1913 1345 1953 crede
1365 1928 1373 1953 ε
1402 1910 1537 1964 Lycei

564 1983 729 2024 Rector
750 1982 1015 2023 Aristoteles
1038 1981 1167 2022 miles
1190 1980 1355 2023 amoris
1378 1987 1488 2022 erat.

508 2051 567 2092 Et
593 2051 712 2092 Iovis
735 2058 778 2092 et
804 2052 962 2093 Musae
985 2050 1162 2092 soboles
1186 2049 1281 2091 sine
1305 2049 1489 2091 crimine
1510 2055 1635 2091 vates

564 2120 784 2162 Thracius
809 2120 1059 2175 Eurydicae
1083 2119 1206 2162 basia
1231 2119 1352 2161 mille
1376 2119 1511 2161 dedit.

509 2188 652 2231 Dulce
673 2189 755 2230 fuit
778 2189 905 2230 vivae
929 2189 1070 2231 niveis
1093 2189 1274 2230 haerere
1297 2187 1490 2238 lacertis,

566 2260 626 2300 Et
648 2258 731 2300 fuit
755 2258 921 2300 amissa
944 2258 1133 2312 coniuge
1156 2258 1285 2299 dulce
1309 2258 1445 2312 queri.

511 2329 685 2369 Excute
709 2327 921 2377 Nasonis,
945 2326 1086 2368 teneri
1109 2327 1176 2368 vel
1201 2326 1367 2380 scripta
1391 2326 1574 2376 Catulli,

570 2396 631 2437 Hi
655 2396 750 2437 sine
773 2410 844 2437 me
866 2402 1096 2450 nequeunt
1119 2396 1188 2437 vel
1211 2395 1296 2437 tria
1318 2396 1452 2437 verba
1476 2395 1607 2449 loqui.

511 2466 605 2507 Nec
628 2465 740 2507 foret
764 2464 919 2506 Aoniis
943 2465 1125 2519 Sappho
1148 2478 1271 2506 soror
1293 2464 1444 2506 addita
1470 2464 1629 2514 Musis,

569 2533 626 2575 Ni
650 2540 803 2575 nostra
825 2533 959 2575 toties
982 2533 1242 2575 incaluisset
1266 2548 1359 2587 ope.

514 2602 637 2644 Mille
661 2603 805 2652 malis,
830 2602 985 2652 fateor,
1011 2603 1203 2657 stipatur
1224 2604 1357 2644 taeda
1383 2602 1559 2656 iugalis,

572 2672 705 2713 Plura
727 2678 878 2713 tamen
902 2673 1110 2721 subcunt,
1135 2671 1171 2712 si
1195 2671 1455 2726 prohibetur
1480 2672 1674 2726 Hymen.

476 2902 526 2933 42.
556 2893 659 2925 Icaris
675 2893 821 2933 textrix]
869 2893 1049 2935 Penelope.

2077 884 2133 925 40

2083 1575 2136 1617 50

2083 2257 2138 2299 60
