2228 3372
325 311 405 366 184

324 721 587 764 CXXXIII.

1050 314 1406 347 EPIGRAMMATA.

914 796 1251 840 HUNTLAEI
1303 795 1531 837 FILIAE.

496 923 656 977 Accipe
679 936 779 964 cum
804 920 966 970 catula,
991 919 1153 973 regalis
1175 918 1314 973 virgo,
1339 918 1563 967 catellum,

555 994 676 1047 Quos
699 1006 724 1032 a
749 989 1021 1031 Bennachiis
1044 988 1181 1030 mittit
1207 988 1335 1030 Eliza
1363 987 1490 1043 iugis.

499 1061 684 1103 Femina
707 1060 885 1114 reginae
907 1058 1053 1108 titulo,
1079 1072 1176 1099 mas
1198 1058 1378 1099 nomine
1404 1057 1520 1112 regis

554 1130 743 1177 Gaudet,
765 1135 807 1170 et
830 1135 897 1170 est
921 1142 1053 1169 sexus
1075 1127 1284 1182 splendor
1305 1134 1492 1180 uterque
1515 1126 1598 1168 sui.

498 1197 684 1239 Mollitie
706 1197 846 1238 violas
869 1202 1092 1250 superant,
1117 1196 1308 1237 candore
1331 1195 1532 1249 ligustra,

556 1266 700 1320 Terga
723 1266 866 1307 nitent
892 1265 1076 1319 Paphiis
1097 1265 1390 1306 vermiculata
1407 1264 1530 1305 rosis.

503 1337 600 1376 Hos
623 1334 745 1376 canis
769 1334 897 1375 enixa
920 1340 1001 1383 est,
1027 1333 1140 1374 caeli
1163 1348 1274 1386 quae
1297 1332 1495 1387 possidet
1518 1347 1657 1381 arces,

558 1405 688 1445 Nunc
712 1404 847 1444 decus
870 1409 1105 1452 astrorum,
1127 1401 1311 1456 virginis
1333 1408 1437 1443 ante
1461 1416 1624 1443 comes.

500 1473 582 1513 Est
605 1472 708 1512 felix
730 1471 918 1512 nimium
943 1471 1147 1524 genitrix,
1172 1471 1331 1512 tellure
1354 1470 1524 1520 relicta,

556 1541 727 1582 Lucida
750 1555 862 1594 quae
886 1540 1048 1581 meruit
1072 1541 1283 1581 scandere
1305 1540 1473 1594 templa
1498 1539 1630 1582 Iovis.

501 1611 745 1652 Fortunam
770 1616 949 1664 superat
972 1609 1202 1664 genitricis
1224 1609 1393 1663 pumila
1415 1609 1576 1663 proles,

559 1681 680 1721 Dum
705 1679 822 1722 subit
846 1686 1041 1728 auratos,
1067 1693 1177 1733 quos
1200 1679 1322 1729 colis,
1347 1679 1492 1728 Anna,
1516 1679 1641 1720 lares.

501 1749 660 1790 Nobile
683 1763 762 1803 par
783 1755 932 1790 tecum
955 1747 1097 1789 nitida
1120 1747 1313 1790 colludet
1336 1747 1380 1788 in
1404 1747 1522 1797 aula,

559 1819 722 1872 Carpet
745 1824 788 1859 et
811 1817 1069 1865 ambrosias,
1092 1823 1136 1858 te
1159 1817 1398 1866 tribuente,
1422 1817 1570 1871 dapes.

500 1887 585 1937 Tu,
610 1887 782 1941 quoties
804 1887 950 1941 parvis
974 1887 1187 1928 simulant
1211 1886 1449 1928 latratibus
1470 1886 1573 1936 iras,

563 1955 769 2010 Palpabis
792 1955 920 1997 nivea
943 1955 1085 1997 serica
1106 1961 1231 2009 terga
1254 1969 1405 1996 manu.

504 2024 638 2065 Basia
658 2024 747 2065 fors
770 2024 908 2065 roseis
931 2025 1157 2065 audebunt
1180 2024 1290 2065 ferre
1313 2023 1500 2074 labellis,

561 2093 643 2134 Vel
667 2093 702 2133 si
726 2107 814 2133 non
838 2093 1015 2140 audent,
1037 2098 1100 2142 tu,
1128 2092 1238 2142 Dea,
1263 2091 1374 2133 forte
1397 2091 1537 2133 dabis.

506 2162 675 2202 Forsan
699 2168 741 2203 et
765 2162 974 2203 invadent
998 2161 1217 2215 gremium
1240 2161 1462 2215 fraterque
1489 2175 1713 2214 sororque,

561 2231 619 2271 Et
644 2230 774 2271 simul
798 2230 842 2271 in
866 2230 987 2271 molli
1012 2236 1168 2271 stertet
1192 2236 1377 2283 uterque
1401 2229 1515 2271 sinu.

505 2298 699 2339 Numine
723 2313 801 2339 cur
822 2298 966 2352 posito
988 2313 1159 2352 pennas
1183 2298 1265 2339 sibi
1289 2298 1480 2352 sumpsit
1503 2297 1636 2339 oloris

563 2366 763 2421 Iuppiter
785 2374 826 2409 et
849 2367 962 2409 torvi
986 2382 1151 2409 cornua
1173 2367 1287 2409 flexa
1310 2368 1466 2409 bovis?

506 2435 551 2478 Si
576 2436 673 2489 quis
696 2443 815 2478 amat
839 2451 1063 2491 superum,
1089 2436 1216 2477 donis
1240 2436 1458 2478 similetur
1482 2436 1648 2486 Elizae,

561 2506 703 2555 Anna,
727 2511 805 2547 tuo
827 2505 1008 2560 propius
1031 2505 1066 2546 si
1093 2505 1214 2559 cupit
1241 2520 1315 2547 ore
1339 2506 1438 2548 frui.

485 2615 512 2636 1.
540 2606 703 2646 Regalis]
743 2607 790 2638 As
807 2606 910 2648 being
925 2607 965 2638 of
976 2606 1070 2647 royal
1088 2606 1240 2639 descent.

480 2669 511 2700 7.
537 2660 667 2700 Canis.]
710 2660 863 2692 Allusion
881 2667 917 2692 to
934 2661 991 2692 the
1007 2661 1076 2703 dog
1095 2662 1213 2693 Maera
1229 2661 1296 2693 and
1312 2662 1370 2693 the
1386 2661 1495 2703 virgin
1514 2661 1673 2704 Erigone.

663 718 934 762 CATELLI
990 716 1206 757 ANNAE
1272 714 1666 764 GORDONIAE,
1719 712 2122 755 MARCHIONIS

2073 1550 2127 1580 10

2076 2243 2129 2272 20
