2228 3372
713 309 926 339 PARERGA
957 297 1330 351 (SUPPLEMENT).
1839 308 1921 351 237

289 415 380 456 Cur
402 428 484 468 ego
507 413 780 469 mancipium
805 413 954 456 Clario
977 428 1075 455 sum
1099 414 1244 455 factus
1267 414 1482 456 alumno?

346 484 438 525 Cur
459 483 624 524 stultae
646 482 838 538 pretium
860 482 1137 537 garrulitatis
1159 497 1280 525 eram
1298 483 1314 524 ?

290 551 377 592 Hei
402 551 524 601 mihi,
546 565 624 593 cur
645 551 768 593 illam
791 550 880 593 iam
904 565 1037 606 cogor
1058 551 1257 606 linquere
1280 552 1496 602 dextram,

344 621 470 676 Quae
492 620 626 662 toties
648 619 819 671 victriX,
840 635 911 662 me
934 620 1192 672 comitante,
1217 621 1299 663 fuit
1318 622 1334 663 ?

288 689 334 732 Si
357 690 591 732 donandus
613 704 749 740 eram,
773 689 925 745 digitis
948 691 1170 745 regalibus
1193 697 1297 746 apta

345 759 507 801 Strena
528 758 607 809 fui,
632 760 812 801 dextrae
834 759 903 801 vel
928 760 1150 815 Cytherea
1172 765 1291 802 tuae.

288 829 371 870 Est
395 830 491 880 dea,
514 843 619 884 prae
642 828 823 883 reliquis
846 829 1035 871 nimium
1059 844 1192 884 quam
1215 829 1384 885 deperit
1409 830 1553 879 heros,

345 898 427 948 Ah,
450 898 593 953 magis
616 898 731 940 hanc
755 898 903 940 decuit
927 899 1256 954 sardonychata
1279 914 1454 941 manus.

290 967 410 1009 Huic
433 982 514 1022 ego
537 968 743 1018 debebas,
767 967 904 1010 veteri
928 967 1031 1022 quia
1055 968 1150 1022 lege
1174 968 1415 1024 Quiritum,

346 1037 552 1078 Annulus
575 1043 642 1079 est
665 1037 766 1078 fidei
788 1037 952 1092 pignus
974 1043 1017 1078 et
1041 1038 1172 1079 arrha
1194 1038 1293 1080 tori.
1868 1050 1923 1090 40

290 1106 411 1148 Huic
433 1121 515 1162 ego
537 1107 749 1156 donabor,
775 1107 990 1157 dicebam,
1014 1113 1176 1156 strena,
1201 1108 1424 1157 Calendis,

347 1177 468 1227 Iane,
493 1176 609 1226 tuis;
644 1183 747 1218 voto
771 1191 872 1231 spes
895 1191 1070 1231 quoque
1094 1176 1247 1219 iuncta
1269 1176 1366 1218 fuit.

288 1246 362 1287 Me
385 1246 482 1295 dea,
506 1245 724 1295 dicebam,
748 1244 901 1300 digitis
924 1245 1116 1299 gestabit
1141 1245 1333 1293 eburnis,

346 1316 405 1356 Et
428 1315 532 1356 fiam
557 1314 733 1368 sceptri,
756 1315 873 1369 quod
895 1314 1008 1368 gerit
1032 1314 1119 1363 illa,
1142 1329 1306 1357 comes,

287 1385 398 1426 Fors
421 1383 530 1426 mihi
555 1399 600 1426 se
625 1383 768 1426 Divae
790 1384 1045 1426 substernet
1069 1384 1190 1438 regia
1212 1384 1373 1434 cervix,

346 1455 470 1509 Quae
492 1468 581 1496 non
605 1453 804 1496 calcatae
827 1453 1025 1495 cernitur
1047 1468 1189 1508 aequa
1212 1454 1317 1496 nivi.

288 1524 458 1565 Forsan
482 1529 525 1565 et
549 1523 593 1564 in
616 1529 770 1565 tenera
792 1522 949 1565 lucebo
972 1523 1193 1577 pendulus
1216 1538 1335 1572 aure,

345 1594 521 1648 Lapsus
544 1599 587 1634 et
612 1592 715 1634 hinc
739 1608 889 1635 roseos
911 1593 1024 1635 forte
1048 1593 1205 1635 subibo
1229 1593 1366 1635 sinus.

287 1663 398 1704 Fors
420 1663 502 1705 dea
525 1662 721 1705 sidereae
745 1662 899 1705 libabit
923 1662 1047 1705 basia
1069 1677 1287 1717 gemmae,

345 1731 481 1774 Basia
504 1731 727 1774 sexcentis
749 1738 854 1774 ante
876 1739 1040 1787 negata
1062 1732 1222 1787 procis.
1872 1744 1925 1784 50

289 1801 416 1843 Haec
439 1815 521 1856 ego
544 1801 783 1856 fingebam,
806 1815 908 1855 spes
931 1815 1002 1842 me
1025 1802 1102 1842 sed
1125 1800 1230 1842 lusit
1253 1801 1414 1850 inanis,

349 1869 438 1912 Hei
461 1869 584 1920 mihi,
607 1885 677 1912 me
700 1871 846 1912 cultor
868 1885 987 1912 nunc
1012 1870 1246 1912 Heliconis
1269 1870 1417 1920 habet,

288 1939 469 1982 Nullius
492 1939 720 1991 articulos,
744 1947 900 1982 vatum
925 1940 961 1982 si
985 1940 1244 1995 dempseris,
1266 1940 1348 1990 odi,

350 2010 448 2052 Hos
469 2016 635 2057 tamen,
658 2010 728 2061 ah,
750 2010 931 2052 domino
954 2009 1017 2052 sic
1041 2016 1269 2051 statuente
1292 2024 1460 2064 premo.

287 2079 368 2121 Ast
392 2093 473 2134 ego
495 2094 577 2121 nec
602 2079 850 2121 Dominum
874 2079 1016 2134 culpo,
1039 2094 1120 2121 nec
1144 2079 1301 2121 vellico
1323 2085 1487 2128 vatem,

348 2149 573 2191 Fortunae
596 2155 774 2191 tantum
798 2150 852 2191 de
874 2149 1057 2191 levitate
1081 2163 1254 2203 queror.

290 2217 513 2260 Maiorum
537 2217 682 2260 titulis
705 2218 890 2273 dignum
915 2233 961 2260 se
988 2218 1213 2273 praestitit
1243 2219 1405 2268 Heros,

346 2287 546 2342 Regibus
568 2287 641 2329 hic
663 2294 788 2329 ortus
811 2287 931 2343 regia
958 2289 1075 2330 dona
1101 2287 1232 2329 dedit.

291 2355 380 2398 Hic
403 2371 579 2411 quoque
603 2357 810 2398 credatur
832 2356 968 2412 regali
992 2371 1176 2399 munere
1199 2357 1375 2412 dignus,

349 2425 435 2481 Qui
458 2425 620 2468 meruit
643 2426 758 2468 tanti
781 2425 994 2482 principis
1017 2441 1116 2468 esse
1139 2426 1291 2468 cliens.
1873 2426 1927 2466 60

252 2621 304 2660 58.
334 2620 484 2662 Regibus
500 2620 555 2653 hic
571 2622 694 2661 ortus]
742 2622 806 2653 See
823 2627 903 2653 note
920 2631 964 2653 on
983 2621 1101 2660 CLV.‚
1120 2621 1140 2652 l.
1159 2632 1189 2663 7.

205 2823 328 2878 [End
358 2825 408 2880 os
433 2824 496 2866 the
527 2824 787 2880 Supplement
819 2830 856 2865 to
888 2824 950 2866 the
985 2824 1255 2879 “Parerga,”
1290 2823 1384 2873 viz„
1417 2824 1764 2873 CLII.-CLVI.‚
1797 2837 1841 2864 as

565 2904 697 2946 added
727 2904 773 2946 iu
805 2904 1075 2959 iiliddelbzarg
1106 2903 1298 2953 Editiou,
1336 2902 1480 2956 1642]
