2228 3372
401 348 481 390 190
1138 342 1494 372 EPIGRAMMATA.

399 451 678 494 CXXXVII.
741 448 1057 492 TUMULUS
1097 446 1557 488 NOBILISSIMAE
1595 447 1948 498 HEROINAE,
1983 447 2199 489 ANNAE

575 530 976 580 CAMBELLAE,
1013 528 1540 571 MARCHIONISSAE
1575 529 1662 569 DE
1697 527 2025 571 HUNTLEY.

570 647 703 701 Erige
727 644 982 689 Cambellae
1004 643 1230 685 tumulum
1254 643 1307 684 de
1330 656 1551 685 marmore
1575 657 1698 698 puro,

628 715 715 757 Hic
738 714 810 756 ubi
835 712 1044 754 Lichtoni
1069 711 1294 753 Praesulis
1316 725 1393 753 ora
1414 711 1552 753 vides.

570 784 805 825 Incumbat
832 781 1038 836 Phrygiis
1062 780 1201 821 moles
1224 794 1410 833 operosa
1433 780 1668 831 columnis,

629 854 687 893 Et
713 850 931 892 Mausolei
955 850 1109 892 nubila
1132 856 1289 903 tangat
1313 864 1438 904 apex.

567 923 618 962 In
642 920 786 962 medio
810 919 1053 973 sculpenda
1078 919 1175 960 Dea
1197 925 1278 968 est,
1304 933 1417 971 quae
1440 918 1637 960 crinibus
1669 933 1841 968 aurum,

623 991 777 1032 Sidera
799 989 1059 1038 luminibus,
1084 995 1263 1043 pectore
1285 989 1434 1030 vincat
1458 990 1580 1030 ebur.

563 1059 779 1114 Coniugis
805 1058 1024 1100 Huntlaei
1048 1058 1172 1099 iuxta
1195 1058 1392 1099 caeletur
1413 1058 1577 1112 imago,

621 1128 784 1170 Martia
805 1128 1009 1170 fulminei
1033 1142 1147 1182 quae
1170 1134 1294 1182 gerat
1318 1142 1394 1169 ora
1421 1127 1561 1169 ducis.

561 1199 763 1241 Candida
786 1198 1009 1240 nobilibus
1031 1198 1261 1239 varientur
1283 1212 1506 1239 marmora
1528 1196 1732 1252 gemmis,

619 1269 677 1309 Et
702 1267 854 1321 spoliis
880 1267 1020 1309 Rubri
1045 1266 1306 1320 Sidoniique
1330 1266 1480 1308 maris.
2143 1280 2196 1308 10

561 1338 761 1391 Congere
785 1336 1032 1390 sapphiros,
1059 1337 1338 1386 adamanteis,
1364 1336 1571 1390 iaspides,
1596 1335 1721 1390 ignes

621 1407 680 1446 Et
704 1420 815 1460 quos
839 1405 1153 1460 chrysolithus,
1179 1420 1379 1459 quosque
1405 1419 1611 1460 pyropus,
1639 1405 1789 1447 habet.

562 1475 655 1516 Nec
678 1475 797 1516 nitor
819 1474 992 1529 argenti
1016 1474 1144 1524 desit,
1169 1488 1249 1515 nee
1273 1474 1422 1515 divitis
1447 1474 1556 1524 auri,

620 1545 747 1599 Quod
771 1544 877 1598 legit
901 1543 945 1584 in
968 1544 1124 1598 patriis
1146 1558 1256 1598 gens
1281 1545 1485 1585 Peruana
1507 1543 1633 1598 iugis.

559 1614 643 1654 Ars
666 1612 858 1667 pretium
882 1627 1098 1666 superans
1120 1613 1279 1654 formet
1304 1613 1398 1654 sine
1422 1613 1520 1654 labe
1543 1619 1759 1662 toreuma,

617 1681 829 1723 Phidiaca
852 1681 1035 1735 dignum
1062 1681 1384 1735 Praxitelisque
1409 1694 1560 1722 manu.

561 1751 744 1804 Optima
767 1765 880 1805 quae
904 1765 1050 1792 rerum
1069 1751 1164 1799 fuit,
1187 1757 1229 1792 et
1253 1750 1568 1804 pulcherrima,
1593 1750 1673 1792 tali

619 1820 868 1861 Promeruit
891 1819 1066 1861 tumulo
1088 1820 1157 1861 vel
1181 1820 1363 1861 meliore
1390 1820 1495 1874 tegi.

1069 2047 1104 2075 2.
1149 2047 1210 2076 ΟΝ
1243 2046 1340 2075 THE
1374 2046 1508 2075 SAME.

488 2125 601 2174 Why
636 2124 755 2162 risest
789 2125 888 2162 thou
924 2125 964 2162 in
1002 2125 1148 2162 Parian
1189 2126 1342 2163 marble
1381 2138 1404 2162 a
1442 2125 1662 2163 wondrous
1700 2125 1828 2171 tomb‚
1859 2125 1940 2162 and
1973 2123 2192 2163 wherefore

380 2190 581 2238 gleamest
597 2190 696 2227 thou
717 2190 815 2228 with
837 2190 905 2228 the
923 2191 1129 2239 perpetual
1147 2191 1250 2239 light
1267 2190 1312 2228 of
1329 2203 1374 2228 so
1396 2204 1520 2240 many
1538 2191 1685 2240 gems?
1744 2191 1858 2240 Why
1874 2203 1940 2228 are
1960 2190 2029 2228 the
2050 2196 2191 2228 stones

379 2256 539 2293 crusted
560 2267 655 2293 over
675 2255 772 2293 with
796 2256 917 2293 silver
937 2257 1017 2293 and
1037 2256 1135 2294 with
1163 2257 1257 2305 gold
1274 2256 1288 2294 ?
1319 2257 1413 2306 why
1436 2257 1594 2294 seekest
1614 2256 1714 2294 thou
1735 2269 1758 2293 a
1779 2268 1897 2305 grace
1917 2254 2020 2293 from
2040 2255 2110 2293 the
2130 2261 2191 2293 art

379 2318 424 2356 of
451 2320 646 2357 Phidias?
711 2320 830 2358 Since
851 2321 950 2358 thou
972 2321 1176 2358 enclosest
1206 2321 1245 2357 in
1277 2321 1349 2371 thy
1371 2321 1453 2358 rich
1483 2321 1620 2359 womb
1651 2320 1901 2359 Cambella’s
1931 2319 2066 2365 ashes,
2088 2319 2189 2358 thou

380 2384 473 2422 hast
494 2385 583 2422 that
602 2384 745 2422 within
768 2385 856 2422 that
877 2385 974 2423 doth
1000 2386 1218 2423 commend
1238 2386 1331 2424 thee
1352 2399 1476 2424 more.

1109 2519 1148 2549 2.
1185 2519 1247 2548 DE
1282 2519 1463 2548 EODEM.

552 2599 776 2640 Marmore
802 2613 880 2640 cur
905 2598 1033 2640 Pario
1057 2598 1201 2653 surgis
1225 2599 1474 2641 venerabile
1498 2600 1695 2649 bustum,

609 2668 669 2708 Et
691 2674 756 2708 tot
780 2682 1059 2721 gemmarum
1083 2675 1263 2722 perpete
1287 2668 1384 2710 luce
1407 2668 1556 2710 nites?

550 2738 747 2791 Argento
770 2737 940 2792 lapides
964 2752 1041 2779 cur
1063 2738 1369 2780 incrustantur
1395 2745 1437 2780 et
1465 2738 1606 2780 auro?

610 2807 701 2848 Cur
722 2805 801 2848 tibi
828 2806 1040 2848 Phidiaca
1063 2806 1239 2860 quaeris
1263 2808 1318 2849 ab
1341 2813 1434 2848 arte
1458 2807 1627 2849 decus?

551 2874 806 2916 Cambellae
829 2874 1000 2916 cineres
1023 2875 1192 2929 gremio
1215 2889 1316 2917 cum
1340 2875 1476 2917 divite
1499 2875 1692 2924 claudas,

607 2943 735 2997 Quod
758 2950 800 2984 te
823 2945 1105 2986 commendet
1129 2944 1316 2998 plenius,
1339 2944 1461 2985 intus
1485 2945 1637 2986 habes.
