<?xml version="1.0" encoding="UTF-8"?>
<!DOCTYPE html PUBLIC "-//W3C//DTD XHTML 1.0 Transitional//EN"
    "http://www.w3.org/TR/xhtml1/DTD/xhtml1-transitional.dtd">
<html xmlns="http://www.w3.org/1999/xhtml" xml:lang="en" lang="en">
 <head>
  <title>
</title>
<meta http-equiv="Content-Type" content="text/html;charset=utf-8" />
  <meta name='ocr-system' content='tesseract 3.04.00' />
  <meta name='ocr-capabilities' content='ocr_page ocr_carea ocr_par ocr_line ocrx_word'/>
</head>
<body>
  <div class='ocr_page' id='page_1' title='image "./musalatinaaberdo02gedduoft_0306.png"; bbox 0 0 2228 3372; ppageno 0'>
   <div class='ocr_carea' id='block_1_1' title="bbox 359 323 441 353">
    <p class='ocr_par' dir='ltr' id='par_1_1' title="bbox 359 323 441 353">
     <span class='ocr_line' id='line_1_1' title="bbox 359 323 441 353; baseline -0.012 0"><span class='ocrx_word' id='word_1_1' title='bbox 359 323 441 353; x_wconf 91' lang='lat'>210</span> 
     </span>
    </p>
   </div>
   <div class='ocr_carea' id='block_1_2' title="bbox 948 307 1567 356">
    <p class='ocr_par' dir='ltr' id='par_1_2' title="bbox 948 307 1567 356">
     <span class='ocr_line' id='line_1_2' title="bbox 948 307 1567 356; baseline -0.006 -7"><span class='ocrx_word' id='word_1_2' title='bbox 948 319 1162 349; x_wconf 81' lang='lat' dir='ltr'>PARERGA</span> <span class='ocrx_word' id='word_1_3' title='bbox 1197 307 1567 356; x_wconf 84' lang='lat' dir='ltr'>(SUPPLEMENT).</span> 
     </span>
    </p>
   </div>
   <div class='ocr_carea' id='block_1_3' title="bbox 822 421 1699 467">
    <p class='ocr_par' dir='ltr' id='par_1_3' title="bbox 822 421 1699 467">
     <span class='ocr_line' id='line_1_3' title="bbox 822 421 1699 467; baseline -0.005 -1"><span class='ocrx_word' id='word_1_4' title='bbox 822 425 962 467; x_wconf 90' lang='lat' dir='ltr'>CLII.</span> <span class='ocrx_word' id='word_1_5' title='bbox 1027 436 1064 464; x_wconf 91' lang='lat'>1.</span> <span class='ocrx_word' id='word_1_6' title='bbox 1103 421 1400 463; x_wconf 86' lang='lat' dir='ltr'>MINERVA</span> <span class='ocrx_word' id='word_1_7' title='bbox 1434 421 1699 462; x_wconf 90' lang='lat' dir='ltr'><strong>VENERI.</strong></span> 
     </span>
    </p>
   </div>
   <div class='ocr_carea' id='block_1_4' title="bbox 530 545 1909 2602">
    <p class='ocr_par' dir='ltr' id='par_1_4' title="bbox 534 545 1843 672">
     <span class='ocr_line' id='line_1_4' title="bbox 534 545 1843 598; baseline -0.005 -7"><span class='ocrx_word' id='word_1_8' title='bbox 534 549 728 591; x_wconf 86' lang='lat' dir='ltr'>Palladis</span> <span class='ocrx_word' id='word_1_9' title='bbox 751 549 861 589; x_wconf 89' lang='lat' dir='ltr'>haec</span> <span class='ocrx_word' id='word_1_10' title='bbox 884 561 1044 588; x_wconf 85' lang='lat' dir='ltr'>manus</span> <span class='ocrx_word' id='word_1_11' title='bbox 1067 552 1159 587; x_wconf 88' lang='lat' dir='ltr'>est:</span> <span class='ocrx_word' id='word_1_12' title='bbox 1199 545 1415 598; x_wconf 86' lang='lat' dir='ltr'>seriptum</span> <span class='ocrx_word' id='word_1_13' title='bbox 1438 559 1641 598; x_wconf 83' lang='lat' dir='ltr'>percurre</span> <span class='ocrx_word' id='word_1_14' title='bbox 1665 545 1843 595; x_wconf 86' lang='lat' dir='ltr'>sororis,</span> 
     </span>
     <span class='ocr_line' id='line_1_5' title="bbox 593 613 1652 672; baseline -0.004 -12"><span class='ocrx_word' id='word_1_15' title='bbox 593 618 708 659; x_wconf 88' lang='lat' dir='ltr'>Diva</span> <span class='ocrx_word' id='word_1_16' title='bbox 733 616 892 672; x_wconf 84' lang='lat' dir='ltr'>Cypri;</span> <span class='ocrx_word' id='word_1_17' title='bbox 927 621 1114 670; x_wconf 78' lang='lat' dir='ltr'>possunt</span> <span class='ocrx_word' id='word_1_18' title='bbox 1138 613 1311 655; x_wconf 88' lang='lat' dir='ltr'>hostica</span> <span class='ocrx_word' id='word_1_19' title='bbox 1333 614 1467 655; x_wconf 87' lang='lat' dir='ltr'>verba</span> <span class='ocrx_word' id='word_1_20' title='bbox 1490 613 1590 667; x_wconf 83' lang='lat' dir='ltr'>legi.</span> <span class='ocrx_word' id='word_1_21' title='bbox 1650 654 1652 656; x_wconf 77' lang='grc'>,</span> 
     </span>
    </p>

    <p class='ocr_par' dir='ltr' id='par_1_5' title="bbox 534 682 1701 796">
     <span class='ocr_line' id='line_1_6' title="bbox 534 682 1701 737; baseline -0.004 -9"><span class='ocrx_word' id='word_1_22' title='bbox 534 688 651 728; x_wconf 88' lang='lat' dir='ltr'>Aure</span> <span class='ocrx_word' id='word_1_23' title='bbox 674 686 822 727; x_wconf 88' lang='lat' dir='ltr'>trahat</span> <span class='ocrx_word' id='word_1_24' title='bbox 846 691 980 725; x_wconf 89' lang='lat' dir='ltr'>natus</span> <span class='ocrx_word' id='word_1_25' title='bbox 1002 690 1050 724; x_wconf 90' lang='lat' dir='ltr'>tu</span> <span class='ocrx_word' id='word_1_26' title='bbox 1074 697 1188 737; x_wconf 90' lang='lat' dir='ltr'>quae</span> <span class='ocrx_word' id='word_1_27' title='bbox 1210 682 1347 737; x_wconf 85' lang='lat' dir='ltr'>legis;</span> <span class='ocrx_word' id='word_1_28' title='bbox 1381 682 1515 724; x_wconf 82' lang='lat' dir='ltr'>unius</span> <span class='ocrx_word' id='word_1_29' title='bbox 1545 683 1701 724; x_wconf 91' lang='lat' dir='ltr'>ambos</span> 
     </span>
     <span class='ocr_line' id='line_1_7' title="bbox 592 751 1539 796; baseline -0.004 -1"><span class='ocrx_word' id='word_1_30' title='bbox 592 753 802 796; x_wconf 85' lang='lat' dir='ltr'>Criminis</span> <span class='ocrx_word' id='word_1_31' title='bbox 825 752 1055 793; x_wconf 89' lang='lat' dir='ltr'>insimulat</span> <span class='ocrx_word' id='word_1_32' title='bbox 1079 751 1229 792; x_wconf 87' lang='lat' dir='ltr'>littera</span> <span class='ocrx_word' id='word_1_33' title='bbox 1251 757 1405 792; x_wconf 87' lang='lat' dir='ltr'>nostra</span> <span class='ocrx_word' id='word_1_34' title='bbox 1427 765 1539 792; x_wconf 91' lang='lat' dir='ltr'>reos.</span> 
     </span>
    </p>

    <p class='ocr_par' dir='ltr' id='par_1_6' title="bbox 534 819 1656 945">
     <span class='ocr_line' id='line_1_8' title="bbox 534 819 1607 875; baseline -0.003 -12"><span class='ocrx_word' id='word_1_35' title='bbox 534 823 634 864; x_wconf 92' lang='lat' dir='ltr'>Non</span> <span class='ocrx_word' id='word_1_36' title='bbox 658 821 765 863; x_wconf 90' lang='lat' dir='ltr'>mihi</span> <span class='ocrx_word' id='word_1_37' title='bbox 789 821 1035 875; x_wconf 83' lang='lat' dir='ltr'>praelatam</span> <span class='ocrx_word' id='word_1_38' title='bbox 1058 820 1228 861; x_wconf 89' lang='lat' dir='ltr'>trutina</span> <span class='ocrx_word' id='word_1_39' title='bbox 1251 819 1446 874; x_wconf 88' lang='lat' dir='ltr'>pastoris</span> <span class='ocrx_word' id='word_1_40' title='bbox 1468 819 1607 873; x_wconf 84' lang='lat' dir='ltr'>iniqui</span> 
     </span>
     <span class='ocr_line' id='line_1_9' title="bbox 589 888 1656 945; baseline -0.005 -12"><span class='ocrx_word' id='word_1_41' title='bbox 589 892 654 933; x_wconf 92' lang='lat' dir='ltr'>Te</span> <span class='ocrx_word' id='word_1_42' title='bbox 677 905 847 945; x_wconf 89' lang='lat' dir='ltr'>queror,</span> <span class='ocrx_word' id='word_1_43' title='bbox 873 890 956 931; x_wconf 88' lang='lat' dir='ltr'>hoc</span> <span class='ocrx_word' id='word_1_44' title='bbox 979 889 1140 930; x_wconf 83' lang='lat' dir='ltr'>coniux</span> <span class='ocrx_word' id='word_1_45' title='bbox 1163 895 1228 930; x_wconf 92' lang='lat' dir='ltr'>est</span> <span class='ocrx_word' id='word_1_46' title='bbox 1255 888 1374 929; x_wconf 91' lang='lat' dir='ltr'>Iovis</span> <span class='ocrx_word' id='word_1_47' title='bbox 1397 888 1492 929; x_wconf 89' lang='lat' dir='ltr'>ulta</span> <span class='ocrx_word' id='word_1_48' title='bbox 1515 888 1656 938; x_wconf 84' lang='lat' dir='ltr'>nefas,</span> 
     </span>
    </p>

    <p class='ocr_par' dir='ltr' id='par_1_7' title="bbox 534 956 1658 1079">
     <span class='ocr_line' id='line_1_10' title="bbox 534 956 1658 1011; baseline -0.004 -9"><span class='ocrx_word' id='word_1_49' title='bbox 534 960 700 1003; x_wconf 83' lang='lat' dir='ltr'><strong>Oscula</strong></span> <span class='ocrx_word' id='word_1_50' title='bbox 723 974 804 1000; x_wconf 87' lang='lat' dir='ltr'>nee</span> <span class='ocrx_word' id='word_1_51' title='bbox 830 958 1003 1008; x_wconf 87' lang='lat' dir='ltr'>Martis,</span> <span class='ocrx_word' id='word_1_52' title='bbox 1028 973 1108 999; x_wconf 86' lang='lat' dir='ltr'>nec</span> <span class='ocrx_word' id='word_1_53' title='bbox 1133 971 1246 1011; x_wconf 91' lang='lat' dir='ltr'>quae</span> <span class='ocrx_word' id='word_1_54' title='bbox 1268 957 1348 998; x_wconf 90' lang='lat' dir='ltr'>tibi</span> <span class='ocrx_word' id='word_1_55' title='bbox 1371 956 1466 997; x_wconf 85' lang='lat' dir='ltr'>fixit</span> <span class='ocrx_word' id='word_1_56' title='bbox 1489 956 1658 998; x_wconf 88' lang='lat' dir='ltr'>Adonis</span> 
     </span>
     <span class='ocr_line' id='line_1_11' title="bbox 589 1026 1529 1079; baseline -0.003 -10"><span class='ocrx_word' id='word_1_57' title='bbox 589 1028 835 1070; x_wconf 89' lang='lat' dir='ltr'>Criminor:</span> <span class='ocrx_word' id='word_1_58' title='bbox 880 1027 1033 1068; x_wconf 88' lang='lat' dir='ltr'>ulcisci</span> <span class='ocrx_word' id='word_1_59' title='bbox 1056 1027 1122 1068; x_wconf 92' lang='lat' dir='ltr'>vir</span> <span class='ocrx_word' id='word_1_60' title='bbox 1142 1033 1248 1068; x_wconf 88' lang='lat' dir='ltr'>tuus</span> <span class='ocrx_word' id='word_1_61' title='bbox 1270 1026 1345 1067; x_wconf 90' lang='lat' dir='ltr'>illa</span> <span class='ocrx_word' id='word_1_62' title='bbox 1367 1032 1529 1079; x_wconf 90' lang='lat' dir='ltr'>potest.</span> 
     </span>
    </p>

    <p class='ocr_par' dir='ltr' id='par_1_8' title="bbox 533 1095 1909 1220">
     <span class='ocr_line' id='line_1_12' title="bbox 533 1095 1909 1149; baseline -0.002 -10"><span class='ocrx_word' id='word_1_63' title='bbox 533 1099 627 1139; x_wconf 90' lang='lat' dir='ltr'>Nec</span> <span class='ocrx_word' id='word_1_64' title='bbox 652 1097 826 1139; x_wconf 87' lang='lat' dir='ltr'>Cnidon</span> <span class='ocrx_word' id='word_1_65' title='bbox 850 1096 1024 1137; x_wconf 83' lang='lat' dir='ltr'>invideo</span> <span class='ocrx_word' id='word_1_66' title='bbox 1047 1096 1142 1145; x_wconf 87' lang='lat' dir='ltr'>tibi,</span> <span class='ocrx_word' id='word_1_67' title='bbox 1166 1096 1235 1138; x_wconf 91' lang='lat' dir='ltr'>vel</span> <span class='ocrx_word' id='word_1_68' title='bbox 1261 1096 1447 1149; x_wconf 78' lang='lat' dir='ltr'>Paphon</span> <span class='ocrx_word' id='word_1_69' title='bbox 1471 1110 1663 1149; x_wconf 88' lang='lat' dir='ltr'>aequore</span> <span class='ocrx_word' id='word_1_70' title='bbox 1686 1095 1880 1137; x_wconf 89' lang='lat' dir='ltr'>cinctam</span> <span class='ocrx_word' id='word_1_71' title='bbox 1901 1109 1909 1145; x_wconf 91' lang='lat'>;</span> 
     </span>
     <span class='ocr_line' id='line_1_13' title="bbox 591 1165 1480 1220; baseline -0.003 -11"><span class='ocrx_word' id='word_1_72' title='bbox 591 1168 669 1209; x_wconf 85' lang='lat' dir='ltr'>Sat</span> <span class='ocrx_word' id='word_1_73' title='bbox 694 1166 802 1207; x_wconf 88' lang='lat' dir='ltr'>mihi</span> <span class='ocrx_word' id='word_1_74' title='bbox 826 1166 1003 1208; x_wconf 84' lang='lat' dir='ltr'>sublimi</span> <span class='ocrx_word' id='word_1_75' title='bbox 1029 1165 1239 1220; x_wconf 86' lang='lat' dir='ltr'>Cecropis</span> <span class='ocrx_word' id='word_1_76' title='bbox 1262 1180 1361 1207; x_wconf 88' lang='lat' dir='ltr'>arce</span> <span class='ocrx_word' id='word_1_77' title='bbox 1384 1165 1480 1206; x_wconf 86' lang='lat' dir='ltr'>frui.</span> 
     </span>
    </p>

    <p class='ocr_par' dir='ltr' id='par_1_9' title="bbox 530 1235 1664 1354">
     <span class='ocr_line' id='line_1_14' title="bbox 530 1235 1664 1290; baseline -0.001 -13"><span class='ocrx_word' id='word_1_78' title='bbox 530 1237 634 1278; x_wconf 89' lang='lat' dir='ltr'>Vim</span> <span class='ocrx_word' id='word_1_79' title='bbox 658 1251 818 1290; x_wconf 89' lang='lat' dir='ltr'>queror</span> <span class='ocrx_word' id='word_1_80' title='bbox 839 1236 1026 1285; x_wconf 86' lang='lat' dir='ltr'>illatam,</span> <span class='ocrx_word' id='word_1_81' title='bbox 1047 1235 1303 1290; x_wconf 89' lang='lat' dir='ltr'>violataque</span> <span class='ocrx_word' id='word_1_82' title='bbox 1326 1235 1434 1283; x_wconf 90' lang='lat' dir='ltr'>iura,</span> <span class='ocrx_word' id='word_1_83' title='bbox 1456 1242 1664 1289; x_wconf 90' lang='lat' dir='ltr'>tuasque,</span> 
     </span>
     <span class='ocr_line' id='line_1_15' title="bbox 590 1305 1587 1354; baseline -0.001 -7"><span class='ocrx_word' id='word_1_84' title='bbox 590 1307 673 1347; x_wconf 91' lang='lat' dir='ltr'>Per</span> <span class='ocrx_word' id='word_1_85' title='bbox 695 1306 854 1354; x_wconf 88' lang='lat' dir='ltr'>scelus,</span> <span class='ocrx_word' id='word_1_86' title='bbox 880 1305 1069 1347; x_wconf 88' lang='lat' dir='ltr'>iniectas</span> <span class='ocrx_word' id='word_1_87' title='bbox 1087 1305 1131 1346; x_wconf 90' lang='lat' dir='ltr'>in</span> <span class='ocrx_word' id='word_1_88' title='bbox 1155 1320 1254 1346; x_wconf 92' lang='lat' dir='ltr'>mea</span> <span class='ocrx_word' id='word_1_89' title='bbox 1278 1311 1425 1346; x_wconf 87' lang='lat' dir='ltr'>castra</span> <span class='ocrx_word' id='word_1_90' title='bbox 1452 1305 1587 1346; x_wconf 86' lang='lat' dir='ltr'>faces.</span> 
     </span>
    </p>

    <p class='ocr_par' dir='ltr' id='par_1_10' title="bbox 531 1374 1684 1498">
     <span class='ocr_line' id='line_1_16' title="bbox 531 1374 1684 1430; baseline -0.001 -14"><span class='ocrx_word' id='word_1_91' title='bbox 531 1377 678 1430; x_wconf 84' lang='lat' dir='ltr'>Quam</span> <span class='ocrx_word' id='word_1_92' title='bbox 702 1375 811 1415; x_wconf 89' lang='lat' dir='ltr'>mihi</span> <span class='ocrx_word' id='word_1_93' title='bbox 834 1374 982 1428; x_wconf 77' lang='lat' dir='ltr'>selegi,</span> <span class='ocrx_word' id='word_1_94' title='bbox 1005 1381 1053 1415; x_wconf 89' lang='lat' dir='ltr'>tu</span> <span class='ocrx_word' id='word_1_95' title='bbox 1076 1374 1284 1416; x_wconf 86' lang='lat' dir='ltr'>flammas</span> <span class='ocrx_word' id='word_1_96' title='bbox 1307 1375 1440 1415; x_wconf 88' lang='lat' dir='ltr'>corda</span> <span class='ocrx_word' id='word_1_97' title='bbox 1463 1374 1684 1423; x_wconf 89' lang='lat' dir='ltr'>iuventae,</span> 
     </span>
     <span class='ocr_line' id='line_1_17' title="bbox 590 1442 1609 1498; baseline -0.001 -14"><span class='ocrx_word' id='word_1_98' title='bbox 590 1445 731 1497; x_wconf 87' lang='lat' dir='ltr'>Inque</span> <span class='ocrx_word' id='word_1_99' title='bbox 755 1458 878 1484; x_wconf 90' lang='lat' dir='ltr'>meos</span> <span class='ocrx_word' id='word_1_100' title='bbox 902 1449 1074 1498; x_wconf 81' lang='lat' dir='ltr'>mystas</span> <span class='ocrx_word' id='word_1_101' title='bbox 1097 1443 1268 1496; x_wconf 89' lang='lat' dir='ltr'>spicula</span> <span class='ocrx_word' id='word_1_102' title='bbox 1291 1442 1433 1484; x_wconf 81' lang='lat' dir='ltr'>vibrat</span> <span class='ocrx_word' id='word_1_103' title='bbox 1457 1444 1609 1483; x_wconf 87' lang='lat' dir='ltr'>Amor.</span> 
     </span>
    </p>

    <p class='ocr_par' dir='ltr' id='par_1_11' title="bbox 532 1511 1649 1636">
     <span class='ocr_line' id='line_1_18' title="bbox 532 1511 1649 1566; baseline -0.002 -12"><span class='ocrx_word' id='word_1_104' title='bbox 532 1514 654 1555; x_wconf 89' lang='lat' dir='ltr'>Gens</span> <span class='ocrx_word' id='word_1_105' title='bbox 677 1512 854 1553; x_wconf 83' lang='lat' dir='ltr'>addicta</span> <span class='ocrx_word' id='word_1_106' title='bbox 877 1512 986 1552; x_wconf 91' lang='lat' dir='ltr'>mihi</span> <span class='ocrx_word' id='word_1_107' title='bbox 1009 1512 1146 1566; x_wconf 87' lang='lat' dir='ltr'>prius,</span> <span class='ocrx_word' id='word_1_108' title='bbox 1172 1518 1214 1553; x_wconf 90' lang='lat' dir='ltr'>et</span> <span class='ocrx_word' id='word_1_109' title='bbox 1239 1513 1398 1553; x_wconf 88' lang='lat' dir='ltr'>devota</span> <span class='ocrx_word' id='word_1_110' title='bbox 1426 1511 1649 1561; x_wconf 88' lang='lat' dir='ltr'>Camenis,</span> 
     </span>
     <span class='ocr_line' id='line_1_19' title="bbox 589 1581 1501 1636; baseline -0.001 -14"><span class='ocrx_word' id='word_1_111' title='bbox 589 1582 801 1635; x_wconf 83' lang='lat' dir='ltr'>Invigilat</span> <span class='ocrx_word' id='word_1_112' title='bbox 825 1581 984 1623; x_wconf 89' lang='lat' dir='ltr'>castris</span> <span class='ocrx_word' id='word_1_113' title='bbox 1006 1596 1139 1631; x_wconf 83' lang='lat' dir='ltr'>nunc,</span> <span class='ocrx_word' id='word_1_114' title='bbox 1165 1581 1375 1636; x_wconf 82' lang='lat' dir='ltr'>Erycina,</span> <span class='ocrx_word' id='word_1_115' title='bbox 1400 1581 1501 1622; x_wconf 91' lang='lat' dir='ltr'>tuis.</span> 
     </span>
    </p>

    <p class='ocr_par' dir='ltr' id='par_1_12' title="bbox 530 1650 1703 1774">
     <span class='ocr_line' id='line_1_20' title="bbox 530 1650 1703 1704; baseline -0.001 -13"><span class='ocrx_word' id='word_1_116' title='bbox 530 1652 645 1692; x_wconf 88' lang='lat' dir='ltr'>Ante</span> <span class='ocrx_word' id='word_1_117' title='bbox 669 1657 802 1704; x_wconf 88' lang='lat' dir='ltr'>caput</span> <span class='ocrx_word' id='word_1_118' title='bbox 827 1650 1014 1699; x_wconf 89' lang='lat' dir='ltr'>laurum,</span> <span class='ocrx_word' id='word_1_119' title='bbox 1037 1665 1155 1692; x_wconf 89' lang='lat' dir='ltr'>nunc</span> <span class='ocrx_word' id='word_1_120' title='bbox 1176 1650 1295 1691; x_wconf 89' lang='lat' dir='ltr'>velat</span> <span class='ocrx_word' id='word_1_121' title='bbox 1318 1656 1703 1704; x_wconf 74' lang='lat' dir='ltr'>temporamyrtQ</span> 
     </span>
     <span class='ocr_line' id='line_1_21' title="bbox 587 1719 1688 1774; baseline -0.002 -13"><span class='ocrx_word' id='word_1_122' title='bbox 587 1720 865 1774; x_wconf 86' lang='lat' dir='ltr'>Templaque</span> <span class='ocrx_word' id='word_1_123' title='bbox 890 1720 1127 1769; x_wconf 85' lang='lat' dir='ltr'>Pieridum,</span> <span class='ocrx_word' id='word_1_124' title='bbox 1151 1726 1294 1761; x_wconf 90' lang='lat' dir='ltr'>mater</span> <span class='ocrx_word' id='word_1_125' title='bbox 1317 1719 1508 1768; x_wconf 77' lang='lat' dir='ltr'>Amoris,</span> <span class='ocrx_word' id='word_1_126' title='bbox 1535 1719 1688 1760; x_wconf 91' lang='lat' dir='ltr'>habes.</span> 
     </span>
    </p>

    <p class='ocr_par' dir='ltr' id='par_1_13' title="bbox 531 1788 1552 1912">
     <span class='ocr_line' id='line_1_22' title="bbox 531 1788 1540 1843; baseline -0.002 -13"><span class='ocrx_word' id='word_1_127' title='bbox 531 1789 712 1831; x_wconf 89' lang='lat' dir='ltr'>Caelibe</span> <span class='ocrx_word' id='word_1_128' title='bbox 734 1803 812 1843; x_wconf 89' lang='lat' dir='ltr'>pro</span> <span class='ocrx_word' id='word_1_129' title='bbox 835 1789 941 1838; x_wconf 86' lang='lat' dir='ltr'>vita,</span> <span class='ocrx_word' id='word_1_130' title='bbox 967 1788 1076 1830; x_wconf 90' lang='lat' dir='ltr'>nulli</span> <span class='ocrx_word' id='word_1_131' title='bbox 1100 1803 1188 1829; x_wconf 89' lang='lat' dir='ltr'>non</span> <span class='ocrx_word' id='word_1_132' title='bbox 1213 1788 1391 1829; x_wconf 86' lang='lat' dir='ltr'>ducitur</span> <span class='ocrx_word' id='word_1_133' title='bbox 1418 1802 1540 1837; x_wconf 79' lang='lat' dir='ltr'>uxor,</span> 
     </span>
     <span class='ocr_line' id='line_1_23' title="bbox 588 1857 1552 1912; baseline -0.001 -13"><span class='ocrx_word' id='word_1_134' title='bbox 588 1860 648 1899; x_wconf 87' lang='lat' dir='ltr'>Et</span> <span class='ocrx_word' id='word_1_135' title='bbox 671 1858 810 1912; x_wconf 90' lang='lat' dir='ltr'>patris</span> <span class='ocrx_word' id='word_1_136' title='bbox 833 1857 919 1908; x_wconf 88' lang='lat' dir='ltr'>hic,</span> <span class='ocrx_word' id='word_1_137' title='bbox 944 1858 1058 1899; x_wconf 90' lang='lat' dir='ltr'>alter</span> <span class='ocrx_word' id='word_1_138' title='bbox 1079 1858 1258 1899; x_wconf 90' lang='lat' dir='ltr'>nomine</span> <span class='ocrx_word' id='word_1_139' title='bbox 1281 1859 1444 1911; x_wconf 85' lang='lat' dir='ltr'>gaudet</span> <span class='ocrx_word' id='word_1_140' title='bbox 1467 1857 1552 1898; x_wconf 86' lang='lat' dir='ltr'>avi.</span> 
     </span>
    </p>

    <p class='ocr_par' dir='ltr' id='par_1_14' title="bbox 530 1926 1904 2050">
     <span class='ocr_line' id='line_1_24' title="bbox 530 1926 1904 1983; baseline -0.001 -15"><span class='ocrx_word' id='word_1_141' title='bbox 530 1927 646 1983; x_wconf 82' lang='lat' dir='ltr'>Quid</span> <span class='ocrx_word' id='word_1_142' title='bbox 668 1927 747 1968; x_wconf 93' lang='lat' dir='ltr'>tibi</span> <span class='ocrx_word' id='word_1_143' title='bbox 770 1927 1003 1968; x_wconf 88' lang='lat' dir='ltr'>nobiseum</span> <span class='ocrx_word' id='word_1_144' title='bbox 1027 1928 1127 1968; x_wconf 84' lang='lat' dir='ltr'>est?</span> <span class='ocrx_word' id='word_1_145' title='bbox 1192 1927 1382 1982; x_wconf 84' lang='lat' dir='ltr'>Cyprias</span> <span class='ocrx_word' id='word_1_146' title='bbox 1404 1926 1483 1968; x_wconf 90' lang='lat' dir='ltr'>tibi</span> <span class='ocrx_word' id='word_1_147' title='bbox 1508 1926 1674 1968; x_wconf 84' lang='lat' dir='ltr'>subiice</span> <span class='ocrx_word' id='word_1_148' title='bbox 1698 1933 1904 1981; x_wconf 87' lang='lat' dir='ltr'>cryptas;</span> 
     </span>
     <span class='ocr_line' id='line_1_25' title="bbox 590 1996 1499 2050; baseline -0.001 -13"><span class='ocrx_word' id='word_1_149' title='bbox 590 1998 643 2037; x_wconf 92' lang='lat' dir='ltr'>In</span> <span class='ocrx_word' id='word_1_150' title='bbox 667 2011 765 2037; x_wconf 89' lang='lat' dir='ltr'>mea</span> <span class='ocrx_word' id='word_1_151' title='bbox 787 1996 849 2037; x_wconf 88' lang='lat' dir='ltr'>nil</span> <span class='ocrx_word' id='word_1_152' title='bbox 874 2003 992 2037; x_wconf 89' lang='lat' dir='ltr'>certe</span> <span class='ocrx_word' id='word_1_153' title='bbox 1015 1996 1195 2050; x_wconf 89' lang='lat' dir='ltr'>praedia</span> <span class='ocrx_word' id='word_1_154' title='bbox 1218 1996 1326 2037; x_wconf 87' lang='lat' dir='ltr'>iuris</span> <span class='ocrx_word' id='word_1_155' title='bbox 1350 1996 1499 2037; x_wconf 85' lang='lat' dir='ltr'>habes.</span> 
     </span>
    </p>

    <p class='ocr_par' dir='ltr' id='par_1_15' title="bbox 530 2065 1687 2187">
     <span class='ocr_line' id='line_1_26' title="bbox 530 2065 1660 2119; baseline 0 -13"><span class='ocrx_word' id='word_1_156' title='bbox 530 2065 712 2107; x_wconf 87' lang='lat' dir='ltr'>Artibus</span> <span class='ocrx_word' id='word_1_157' title='bbox 735 2065 940 2119; x_wconf 81' lang='lat' dir='ltr'>ingenuis</span> <span class='ocrx_word' id='word_1_158' title='bbox 963 2080 1044 2117; x_wconf 73' lang='lat' dir='ltr'>ego</span> <span class='ocrx_word' id='word_1_159' title='bbox 1067 2080 1275 2119; x_wconf 86' lang='lat' dir='ltr'>praesum</span> <span class='ocrx_word' id='word_1_160' title='bbox 1296 2081 1302 2105; x_wconf 88' lang='lat'>:</span> <span class='ocrx_word' id='word_1_161' title='bbox 1338 2067 1497 2106; x_wconf 89' lang='lat' dir='ltr'>ducere</span> <span class='ocrx_word' id='word_1_162' title='bbox 1521 2065 1660 2106; x_wconf 77' lang='lat' dir='ltr'>vitam</span> 
     </span>
     <span class='ocr_line' id='line_1_27' title="bbox 589 2134 1687 2187; baseline -0.001 -12"><span class='ocrx_word' id='word_1_163' title='bbox 589 2135 733 2175; x_wconf 88' lang='lat' dir='ltr'>Debet</span> <span class='ocrx_word' id='word_1_164' title='bbox 757 2136 811 2175; x_wconf 91' lang='lat' dir='ltr'>ad</span> <span class='ocrx_word' id='word_1_165' title='bbox 835 2134 1087 2187; x_wconf 84' lang='lat' dir='ltr'>exemplum</span> <span class='ocrx_word' id='word_1_166' title='bbox 1111 2148 1220 2186; x_wconf 76' lang='lat' dir='ltr'>gens</span> <span class='ocrx_word' id='word_1_167' title='bbox 1243 2134 1351 2174; x_wconf 91' lang='lat' dir='ltr'>mihi</span> <span class='ocrx_word' id='word_1_168' title='bbox 1375 2149 1502 2175; x_wconf 86' lang='lat' dir='ltr'>sacra</span> <span class='ocrx_word' id='word_1_169' title='bbox 1525 2149 1687 2175; x_wconf 90' lang='lat' dir='ltr'>meum.</span> 
     </span>
    </p>

    <p class='ocr_par' dir='ltr' id='par_1_16' title="bbox 532 2203 1725 2326">
     <span class='ocr_line' id='line_1_28' title="bbox 532 2203 1725 2257; baseline 0 -13"><span class='ocrx_word' id='word_1_170' title='bbox 532 2204 616 2245; x_wconf 92' lang='lat' dir='ltr'>Odi</span> <span class='ocrx_word' id='word_1_171' title='bbox 639 2218 720 2257; x_wconf 84' lang='lat' dir='ltr'>ego</span> <span class='ocrx_word' id='word_1_172' title='bbox 743 2203 1014 2256; x_wconf 82' lang='lat' dir='ltr'>coniugium,</span> <span class='ocrx_word' id='word_1_173' title='bbox 1041 2203 1144 2256; x_wconf 86' lang='lat' dir='ltr'>quia</span> <span class='ocrx_word' id='word_1_174' title='bbox 1168 2218 1266 2244; x_wconf 89' lang='lat' dir='ltr'>sum</span> <span class='ocrx_word' id='word_1_175' title='bbox 1291 2203 1387 2244; x_wconf 86' lang='lat' dir='ltr'>sine</span> <span class='ocrx_word' id='word_1_176' title='bbox 1411 2203 1580 2244; x_wconf 87' lang='lat' dir='ltr'>semine</span> <span class='ocrx_word' id='word_1_177' title='bbox 1604 2210 1725 2253; x_wconf 87' lang='lat' dir='ltr'>nata,</span> 
     </span>
     <span class='ocr_line' id='line_1_29' title="bbox 590 2272 1598 2326; baseline 0.001 -13"><span class='ocrx_word' id='word_1_178' title='bbox 590 2273 782 2326; x_wconf 86' lang='lat' dir='ltr'>Solaque</span> <span class='ocrx_word' id='word_1_179' title='bbox 806 2273 857 2313; x_wconf 89' lang='lat' dir='ltr'>de</span> <span class='ocrx_word' id='word_1_180' title='bbox 882 2272 1052 2326; x_wconf 89' lang='lat' dir='ltr'>superis</span> <span class='ocrx_word' id='word_1_181' title='bbox 1076 2273 1226 2314; x_wconf 87' lang='lat' dir='ltr'>nescio</span> <span class='ocrx_word' id='word_1_182' title='bbox 1250 2273 1355 2326; x_wconf 89' lang='lat' dir='ltr'>quid</span> <span class='ocrx_word' id='word_1_183' title='bbox 1379 2273 1435 2314; x_wconf 89' lang='lat' dir='ltr'>sit</span> <span class='ocrx_word' id='word_1_184' title='bbox 1459 2287 1598 2314; x_wconf 89' lang='lat' dir='ltr'>amor.</span> 
     </span>
    </p>

    <p class='ocr_par' dir='ltr' id='par_1_17' title="bbox 531 2341 1706 2467">
     <span class='ocr_line' id='line_1_30' title="bbox 531 2341 1669 2392; baseline 0 -10"><span class='ocrx_word' id='word_1_185' title='bbox 531 2341 611 2383; x_wconf 90' lang='lat' dir='ltr'>Vir</span> <span class='ocrx_word' id='word_1_186' title='bbox 632 2348 738 2383; x_wconf 90' lang='lat' dir='ltr'>tuus</span> <span class='ocrx_word' id='word_1_187' title='bbox 760 2348 839 2389; x_wconf 93' lang='lat' dir='ltr'>est,</span> <span class='ocrx_word' id='word_1_188' title='bbox 863 2341 1060 2391; x_wconf 86' lang='lat' dir='ltr'>memini,</span> <span class='ocrx_word' id='word_1_189' title='bbox 1086 2356 1261 2383; x_wconf 88' lang='lat' dir='ltr'>mecum</span> <span class='ocrx_word' id='word_1_190' title='bbox 1287 2343 1498 2392; x_wconf 86' lang='lat' dir='ltr'>luctatus,</span> <span class='ocrx_word' id='word_1_191' title='bbox 1521 2341 1669 2383; x_wconf 88' lang='lat' dir='ltr'>inanis</span> 
     </span>
     <span class='ocr_line' id='line_1_31' title="bbox 590 2411 1706 2467; baseline 0.001 -15"><span class='ocrx_word' id='word_1_192' title='bbox 590 2413 735 2453; x_wconf 87' lang='lat' dir='ltr'>Lueta</span> <span class='ocrx_word' id='word_1_193' title='bbox 758 2413 834 2452; x_wconf 91' lang='lat' dir='ltr'>sed</span> <span class='ocrx_word' id='word_1_194' title='bbox 857 2412 966 2453; x_wconf 88' lang='lat' dir='ltr'>haee</span> <span class='ocrx_word' id='word_1_195' title='bbox 990 2411 1191 2461; x_wconf 89' lang='lat' dir='ltr'>nimium,</span> <span class='ocrx_word' id='word_1_196' title='bbox 1213 2427 1416 2466; x_wconf 88' lang='lat' dir='ltr'>vanaque</span> <span class='ocrx_word' id='word_1_197' title='bbox 1440 2427 1590 2467; x_wconf 80' lang='lat' dir='ltr'>pugna</span> <span class='ocrx_word' id='word_1_198' title='bbox 1612 2412 1706 2454; x_wconf 84' lang='lat' dir='ltr'>fuit.</span> 
     </span>
    </p>

    <p class='ocr_par' dir='ltr' id='par_1_18' title="bbox 533 2479 1723 2602">
     <span class='ocr_line' id='line_1_32' title="bbox 533 2479 1723 2534; baseline 0.002 -14"><span class='ocrx_word' id='word_1_199' title='bbox 533 2480 619 2521; x_wconf 91' lang='lat' dir='ltr'>Sed</span> <span class='ocrx_word' id='word_1_200' title='bbox 642 2494 783 2533; x_wconf 89' lang='lat' dir='ltr'>neque</span> <span class='ocrx_word' id='word_1_201' title='bbox 809 2479 1033 2520; x_wconf 87' lang='lat' dir='ltr'>Pieridum</span> <span class='ocrx_word' id='word_1_202' title='bbox 1057 2487 1229 2534; x_wconf 87' lang='lat' dir='ltr'>mystas</span> <span class='ocrx_word' id='word_1_203' title='bbox 1253 2482 1377 2521; x_wconf 89' lang='lat' dir='ltr'>decet</span> <span class='ocrx_word' id='word_1_204' title='bbox 1401 2495 1499 2522; x_wconf 91' lang='lat' dir='ltr'>esse</span> <span class='ocrx_word' id='word_1_205' title='bbox 1524 2480 1723 2530; x_wconf 81' lang='lat' dir='ltr'>maritos,</span> 
     </span>
     <span class='ocr_line' id='line_1_33' title="bbox 588 2547 1478 2602; baseline 0.002 -14"><span class='ocrx_word' id='word_1_206' title='bbox 588 2548 671 2589; x_wconf 93' lang='lat' dir='ltr'>Vel</span> <span class='ocrx_word' id='word_1_207' title='bbox 694 2554 771 2589; x_wconf 92' lang='lat' dir='ltr'>tua</span> <span class='ocrx_word' id='word_1_208' title='bbox 793 2547 862 2589; x_wconf 93' lang='lat' dir='ltr'>vel</span> <span class='ocrx_word' id='word_1_209' title='bbox 886 2548 980 2589; x_wconf 90' lang='lat' dir='ltr'>nati</span> <span class='ocrx_word' id='word_1_210' title='bbox 1003 2555 1150 2589; x_wconf 88' lang='lat' dir='ltr'>castra</span> <span class='ocrx_word' id='word_1_211' title='bbox 1174 2549 1320 2590; x_wconf 92' lang='lat' dir='ltr'>soluta</span> <span class='ocrx_word' id='word_1_212' title='bbox 1343 2549 1478 2602; x_wconf 88' lang='lat' dir='ltr'>sequi.</span> 
     </span>
    </p>
   </div>
   <div class='ocr_carea' id='block_1_5' title="bbox 499 2703 1740 2857">
    <p class='ocr_par' dir='ltr' id='par_1_19' title="bbox 499 2703 1740 2857">
     <span class='ocr_line' id='line_1_34' title="bbox 517 2703 1688 2748; baseline -0.001 -10"><span class='ocrx_word' id='word_1_213' title='bbox 517 2716 546 2746; x_wconf 86' lang='lat'>5.</span> <span class='ocrx_word' id='word_1_214' title='bbox 576 2706 727 2737; x_wconf 88' lang='lat' dir='ltr'>Pastoris</span> <span class='ocrx_word' id='word_1_215' title='bbox 744 2703 876 2747; x_wconf 57' lang='lat' dir='ltr'>inihui]</span> <span class='ocrx_word' id='word_1_216' title='bbox 923 2706 1016 2737; x_wconf 88' lang='lat' dir='ltr'>Paris</span> <span class='ocrx_word' id='word_1_217' title='bbox 1033 2706 1099 2737; x_wconf 87' lang='lat' dir='ltr'>and</span> <span class='ocrx_word' id='word_1_218' title='bbox 1116 2706 1168 2737; x_wconf 86' lang='lat' dir='ltr'>his</span> <span class='ocrx_word' id='word_1_219' title='bbox 1181 2706 1361 2748; x_wconf 85' lang='lat' dir='ltr'>judgment</span> <span class='ocrx_word' id='word_1_220' title='bbox 1379 2717 1416 2737; x_wconf 88' lang='lat' dir='ltr'>as</span> <span class='ocrx_word' id='word_1_221' title='bbox 1433 2713 1468 2738; x_wconf 88' lang='lat' dir='ltr'>to</span> <span class='ocrx_word' id='word_1_222' title='bbox 1491 2706 1550 2738; x_wconf 88' lang='lat' dir='ltr'>the</span> <span class='ocrx_word' id='word_1_223' title='bbox 1567 2706 1688 2738; x_wconf 88' lang='lat' dir='ltr'>Three.</span> 
     </span>
     <span class='ocr_line' id='line_1_35' title="bbox 499 2760 1493 2801; baseline -0.001 -9"><span class='ocrx_word' id='word_1_224' title='bbox 499 2771 547 2793; x_wconf 88' lang='lat'>10.</span> <span class='ocrx_word' id='word_1_225' title='bbox 577 2761 736 2801; x_wconf 85' lang='lat' dir='ltr'>Cecropis</span> <span class='ocrx_word' id='word_1_226' title='bbox 754 2762 856 2800; x_wconf 60' lang='lat' dir='ltr'>arce]</span> <span class='ocrx_word' id='word_1_227' title='bbox 903 2761 1044 2797; x_wconf 88' lang='lat' dir='ltr'>Athens,</span> <span class='ocrx_word' id='word_1_228' title='bbox 1063 2771 1100 2792; x_wconf 82' lang='lat' dir='ltr'>as</span> <span class='ocrx_word' id='word_1_229' title='bbox 1117 2760 1173 2791; x_wconf 87' lang='lat' dir='ltr'>the</span> <span class='ocrx_word' id='word_1_230' title='bbox 1191 2761 1259 2801; x_wconf 88' lang='lat' dir='ltr'>city</span> <span class='ocrx_word' id='word_1_231' title='bbox 1275 2761 1315 2792; x_wconf 92' lang='lat' dir='ltr'>of</span> <span class='ocrx_word' id='word_1_232' title='bbox 1328 2761 1493 2792; x_wconf 86' lang='lat' dir='ltr'>Minerva.</span> 
     </span>
     <span class='ocr_line' id='line_1_36' title="bbox 499 2815 1740 2857; baseline 0 -11"><span class='ocrx_word' id='word_1_233' title='bbox 499 2826 546 2856; x_wconf 93' lang='lat'>17.</span> <span class='ocrx_word' id='word_1_234' title='bbox 577 2816 717 2856; x_wconf 91' lang='lat' dir='ltr'>Myrto.]</span> <span class='ocrx_word' id='word_1_235' title='bbox 757 2819 775 2832; x_wconf 87' lang='lat'>“</span> <span class='ocrx_word' id='word_1_236' title='bbox 790 2815 922 2856; x_wconf 85' lang='lat' dir='ltr'>Myrtus</span> <span class='ocrx_word' id='word_1_237' title='bbox 934 2815 950 2826; x_wconf 88' lang='grc'>”</span> <span class='ocrx_word' id='word_1_238' title='bbox 966 2826 1076 2847; x_wconf 84' lang='lat' dir='ltr'>seems</span> <span class='ocrx_word' id='word_1_239' title='bbox 1089 2815 1243 2857; x_wconf 88' lang='lat' dir='ltr'>required</span> <span class='ocrx_word' id='word_1_240' title='bbox 1255 2815 1299 2856; x_wconf 90' lang='lat' dir='ltr'>by</span> <span class='ocrx_word' id='word_1_241' title='bbox 1312 2815 1369 2846; x_wconf 89' lang='lat' dir='ltr'>the</span> <span class='ocrx_word' id='word_1_242' title='bbox 1383 2821 1515 2856; x_wconf 82' lang='lat' dir='ltr'>syntax.</span> <span class='ocrx_word' id='word_1_243' title='bbox 1557 2819 1575 2832; x_wconf 79' lang='lat'>‘¹</span> <span class='ocrx_word' id='word_1_244' title='bbox 1591 2816 1740 2846; x_wconf 88' lang='lat' dir='ltr'>Laurum</span> 
     </span>
    </p>
   </div>
   <div class='ocr_carea' id='block_1_6' title="bbox 360 2870 1459 2911">
    <p class='ocr_par' dir='ltr' id='par_1_20' title="bbox 360 2870 1459 2911">
     <span class='ocr_line' id='line_1_37' title="bbox 360 2870 1459 2911; baseline 0 -10"><span class='ocrx_word' id='word_1_245' title='bbox 360 2871 568 2902; x_wconf 86' lang='lat' dir='ltr'>nominative</span> <span class='ocrx_word' id='word_1_246' title='bbox 583 2881 589 2900; x_wconf 93' lang='lat'><strong>:</strong></span> <span class='ocrx_word' id='word_1_247' title='bbox 615 2870 794 2901; x_wconf 87' lang='lat' dir='ltr'>otherwise</span> <span class='ocrx_word' id='word_1_248' title='bbox 810 2870 905 2901; x_wconf 85' lang='lat' dir='ltr'>there</span> <span class='ocrx_word' id='word_1_249' title='bbox 922 2870 950 2900; x_wconf 89' lang='lat' dir='ltr'>is</span> <span class='ocrx_word' id='word_1_250' title='bbox 967 2880 1060 2901; x_wconf 87' lang='lat' dir='ltr'>some</span> <span class='ocrx_word' id='word_1_251' title='bbox 1077 2880 1166 2902; x_wconf 88' lang='lat' dir='ltr'>error</span> <span class='ocrx_word' id='word_1_252' title='bbox 1184 2870 1216 2901; x_wconf 92' lang='lat' dir='ltr'>in</span> <span class='ocrx_word' id='word_1_253' title='bbox 1234 2870 1292 2901; x_wconf 88' lang='lat' dir='ltr'>the</span> <span class='ocrx_word' id='word_1_254' title='bbox 1308 2870 1459 2911; x_wconf 87' lang='lat' dir='ltr'>reading.</span> 
     </span>
    </p>
   </div>
   <div class='ocr_carea' id='block_1_7' title="bbox 498 2924 944 2966">
    <p class='ocr_par' dir='ltr' id='par_1_21' title="bbox 498 2924 944 2966">
     <span class='ocr_line' id='line_1_38' title="bbox 498 2924 944 2966; baseline 0.002 -12"><span class='ocrx_word' id='word_1_255' title='bbox 498 2933 548 2966; x_wconf 87' lang='lat'>27.</span> <span class='ocrx_word' id='word_1_256' title='bbox 576 2924 634 2955; x_wconf 88' lang='lat' dir='ltr'>Vir</span> <span class='ocrx_word' id='word_1_257' title='bbox 652 2925 756 2965; x_wconf 68' lang='lat' dir='ltr'>tuus]</span> <span class='ocrx_word' id='word_1_258' title='bbox 800 2925 944 2956; x_wconf 87' lang='lat' dir='ltr'>Vulcan.</span> 
     </span>
    </p>
   </div>
   <div class='ocr_carea' id='block_1_8' title="bbox 2114 1177 2167 1206">
    <p class='ocr_par' dir='ltr' id='par_1_22' title="bbox 2114 1177 2167 1206">
     <span class='ocr_line' id='line_1_39' title="bbox 2114 1177 2167 1206; baseline 0.019 -1"><span class='ocrx_word' id='word_1_259' title='bbox 2114 1177 2167 1206; x_wconf 90' lang='lat'>10</span> 
     </span>
    </p>
   </div>
   <div class='ocr_carea' id='block_1_9' title="bbox 2111 1869 2166 1898">
    <p class='ocr_par' dir='ltr' id='par_1_23' title="bbox 2111 1869 2166 1898">
     <span class='ocr_line' id='line_1_40' title="bbox 2111 1869 2166 1898; baseline 0 0"><span class='ocrx_word' id='word_1_260' title='bbox 2111 1869 2166 1898; x_wconf 90' lang='lat'>20</span> 
     </span>
    </p>
   </div>
   <div class='ocr_carea' id='block_1_10' title="bbox 2109 2561 2164 2601">
    <p class='ocr_par' dir='ltr' id='par_1_24' title="bbox 2109 2561 2164 2601">
     <span class='ocr_line' id='line_1_41' title="bbox 2109 2561 2164 2601; baseline 0 -12"><span class='ocrx_word' id='word_1_261' title='bbox 2109 2561 2164 2601; x_wconf 84' lang='lat'>30</span> 
     </span>
    </p>
   </div>
   <div class='ocr_carea' id='block_1_11' title="bbox 1753 2813 2164 2855">
    <p class='ocr_par' dir='ltr' id='par_1_25' title="bbox 1753 2813 2164 2855">
     <span class='ocr_line' id='line_1_42' title="bbox 1753 2813 2164 2855; baseline -0.005 -9"><span class='ocrx_word' id='word_1_262' title='bbox 1753 2816 1773 2829; x_wconf 92' lang='lat'>&#39;&#39;</span> <span class='ocrx_word' id='word_1_263' title='bbox 1786 2824 1866 2855; x_wconf 90' lang='lat' dir='ltr'>may</span> <span class='ocrx_word' id='word_1_264' title='bbox 1876 2814 1929 2852; x_wconf 90' lang='lat' dir='ltr'>be,</span> <span class='ocrx_word' id='word_1_265' title='bbox 1943 2813 1977 2845; x_wconf 92' lang='lat' dir='ltr'>in</span> <span class='ocrx_word' id='word_1_266' title='bbox 1988 2813 2063 2845; x_wconf 84' lang='lat' dir='ltr'>that</span> <span class='ocrx_word' id='word_1_267' title='bbox 2073 2823 2164 2851; x_wconf 85' lang='lat' dir='ltr'>case,</span> 
     </span>
    </p>
   </div>
  </div>
 </body>
</html>
