2228 3372
555 289 614 318 ΟΝ
651 289 771 318 LADY
805 276 1165 318 LAUDERDALE'S
1199 288 1572 318 EMBROIDERIES.

331 391 392 432 Et
414 392 668 434 tessellatos
690 392 862 435 variata
884 392 981 434 luce
1003 391 1195 443 fritillos,

389 462 449 502 Et
473 462 636 503 Veneri
660 476 811 504 sacras
833 462 914 503 flos
937 462 1142 504 imitatus
1165 476 1284 504 aves.

330 529 504 584 Quique
527 530 821 585 Therapnaeo
844 532 984 573 fertur
1005 533 1058 573 de
1081 531 1299 586 sanguine
1324 537 1486 581 cretus,

387 599 620 653 Quemque
642 606 748 642 tuus
770 600 916 650 tinxit,
941 601 1128 655 pulcher
1150 600 1308 650 Adoni,
1334 614 1476 642 cruor.

330 667 418 709 Hic
441 668 536 710 hiat
560 675 602 710 et
625 668 855 711 flammam
879 669 1036 722 gelidis
1059 669 1133 724 qui
1151 669 1285 711 traxit
1310 670 1364 711 ab
1388 668 1533 719 undis,

388 737 573 791 Iamque
596 738 678 788 sui,
703 738 829 792 peius
852 753 985 792 quam
1008 738 1145 792 prius,
1171 738 1259 780 urit
1283 752 1422 780 amor.

329 806 449 847 Pone
473 805 621 856 simul,
646 821 757 861 quos
780 806 921 861 pinxit
945 821 1052 849 acus
1076 807 1274 857 Setonia,
1299 806 1444 857 flores,

386 875 445 916 Et
470 889 581 929 quos
602 889 704 924 vere
727 890 842 917 novo
866 875 1070 918 Daedala
1091 876 1205 917 fudit
1230 876 1409 917 humus.

329 944 529 985 Mentem
554 945 755 998 quisquis
777 945 927 995 habet,
952 945 1020 986 vel
1044 960 1172 987 veros
1196 945 1311 987 iuret
1335 951 1560 998 utrosque,

384 1015 465 1055 Vel
489 1014 632 1068 pictos
655 1029 744 1056 una
768 1014 882 1056 iuret
907 1021 1119 1068 utrosque
1143 1029 1294 1056 manu.

903 1127 1209 1168 3.FRUCTU&

322 1196 528 1250 Adspicis
550 1196 621 1238 hic
644 1211 751 1238 auro
775 1196 919 1250 pictos
942 1203 985 1238 et
1010 1197 1178 1238 murice
1203 1198 1389 1248 fructus,

380 1264 611 1321 Textaque
635 1267 828 1308 Setonae
851 1266 1086 1308 nobilitata
1110 1281 1260 1307 manu.

324 1334 412 1376 Hic
435 1334 731 1390 pellucidulae
754 1341 935 1389 turgent
958 1335 1003 1375 in
1025 1335 1191 1377 vitibus
1214 1350 1341 1385 uvae,

382 1404 547 1446 Nativo
570 1404 688 1446 iures
713 1404 982 1445 intumuisse
1006 1418 1142 1446 mero.

322 1474 518 1516 Palladis
541 1474 613 1516 hic
635 1474 780 1529 pictas
802 1488 988 1528 operoso
1011 1474 1205 1515 stamine
1229 1475 1403 1524 baccaS,

377 1542 629 1598 Tinctaque
653 1543 818 1586 Getulo
841 1543 1008 1585 murice
1031 1558 1166 1598 poma
1187 1543 1325 1585 vides.

321 1612 381 1654 Et
404 1613 634 1655 defaecato
657 1613 818 1667 quibus
841 1619 908 1654 est
932 1612 1052 1654 color
1074 1612 1277 1654 aemulus
1301 1627 1423 1663 auro,

379 1683 438 1723 Et
463 1697 576 1736 quae
597 1682 784 1736 virginei
807 1681 936 1736 signa
959 1682 1127 1723 cruoris
1150 1682 1329 1724 habent.

320 1752 380 1792 Et
403 1751 566 1793 cerasis
589 1752 684 1806 pira
707 1751 846 1793 mixta
869 1751 1027 1801 nitent,
1053 1758 1157 1793 sunt
1182 1751 1257 1793 illa
1280 1751 1454 1793 labellis

376 1820 586 1871 Artificis,
611 1827 716 1862 sunt
740 1821 850 1862 haec
873 1820 1052 1862 aemula
1075 1835 1210 1875 poma
1232 1819 1383 1862 comis.

318 1889 476 1931 Cernis
499 1896 542 1932 et
567 1889 811 1932 Heliadum
836 1889 1045 1931 lacrimas
1068 1889 1293 1932 imitantia
1316 1904 1472 1944 pruna,

375 1959 597 2014 Quicquid
620 1966 662 2001 et
687 1959 860 2001 Alcinoi
884 1959 996 2001 silva
1019 1959 1088 2001 vel
1112 1959 1269 2000 hortus
1293 1959 1442 2001 habet.

317 2029 481 2069 Zeuxis
503 2043 609 2070 aves
631 2028 762 2083 pictis
785 2028 947 2069 delusit
972 2027 1161 2069 callidus
1184 2027 1296 2077 uvis,

376 2098 564 2140 Pictoris
587 2098 729 2153 pictor
751 2098 875 2140 lusus
898 2104 941 2139 et
965 2104 1059 2140 arte
1081 2098 1175 2139 fuit.

318 2167 405 2209 Hic
429 2183 522 2218 sua,
544 2168 580 2209 si
603 2168 798 2218 videant,
826 2169 1072 2209 Pomonam
1097 2182 1244 2222 poma,
1270 2169 1471 2222 Lyaeum

375 2238 531 2287 Vinea,
557 2238 820 2291 Cecropiam
843 2237 967 2280 fallet
992 2238 1108 2279 oliva
1133 2239 1293 2279 Deam.

923 2356 963 2396 4.
999 2355 1167 2384 FERAE.

315 2422 402 2464 Hic
425 2437 532 2464 auro
555 2422 778 2477 Tyrioque
800 2423 944 2465 nitent
968 2424 1183 2479 bombyce
1205 2424 1397 2466 ferarum

369 2492 576 2546 Agmina,
603 2492 934 2547 Grampigenae
957 2493 1140 2548 cuspide
1162 2493 1282 2547 picta
1308 2495 1446 2534 Deae.

314 2561 401 2602 Hic
425 2561 619 2615 leporem
642 2569 840 2604 sectatur
861 2562 991 2604 hians
1014 2570 1056 2604 et
1079 2562 1296 2617 prensitat
1324 2563 1517 2611 Umber3

370 2631 459 2673 Hic
482 2631 597 2674 iacet
621 2632 740 2674 haud
764 2646 853 2674 uno
877 2633 1057 2674 vulnere
1079 2632 1226 2675 fossus
1249 2647 1368 2687 aper.

1908 1028 1963 1067 30

1901 1835 1956 1874 40

1894 2642 1947 2684 50

332 2753 383 2775 21.
411 2743 587 2784 Fritillos.]
645 2744 719 2776 The
747 2744 861 2776 flower
891 2744 1062 2785 Fritillary
1089 2755 1200 2776 seems
1224 2744 1359 2776 alluded
1382 2750 1429 2781 to,
1457 2744 1517 2775 but
1546 2744 1602 2775 the
1628 2742 1850 2784 punctuation
1879 2742 1946 2774 and

137 2802 259 2837 syntax
277 2807 333 2829 are
349 2797 504 2830 obscure.

330 2861 418 2892 23-5.
444 2852 700 2894 Therapnaeo]
747 2852 820 2883 The
838 2852 980 2894 legends
997 2853 1036 2884 of
1048 2852 1106 2884 the
1122 2852 1250 2893 youths
1268 2852 1489 2892 Hyacinthus
1506 2851 1573 2883 and
1593 2851 1784 2883 Narcissus

328 2917 377 2946 49.
410 2907 566 2946 Umber.]
613 2906 754 2947 Figures
772 2906 804 2936 in
822 2906 930 2947 Virgil
947 2917 985 2937 as
1002 2916 1021 2937 a
1039 2916 1138 2937 name
1158 2907 1205 2937 sor
1223 2915 1241 2936 a
1260 2909 1278 2922 “
1293 2906 1408 2936 hound
1421 2906 1453 2936 ‘'.

1026 2964 1052 2992 B
