2228 3372
318 305 399 344 232
915 296 1127 328 PARERGA
1161 284 1531 333 (SUPPLEMENT).

496 405 700 448 Muribus
722 403 793 445 hic
816 401 994 444 inhians
1018 399 1141 441 rimis
1164 412 1245 451 ego
1267 396 1451 451 pervigil
1475 396 1619 445 adsto,

552 475 781 515 Murmure
805 485 885 512 nec
909 469 1040 510 solito
1063 481 1144 508 nec
1167 467 1276 521 pede
1303 466 1434 507 turbo
1460 465 1591 506 lares,

496 543 696 584 Membra
719 540 827 581 mihi
850 539 974 580 laevo
997 537 1166 578 iurares
1190 535 1330 576 sidere
1354 540 1489 582 tacta,

552 612 610 652 Et
634 616 782 663 caput,
807 614 850 649 et
873 606 1029 648 molles
1053 604 1288 659 diriguisse
1311 605 1456 658 pedes.

494 678 722 721 Contraho
745 675 949 731 pupillas,
971 679 1190 728 premeret
1214 686 1295 713 ceu
1318 671 1489 713 lumina
1513 684 1709 719 somnus

555 749 613 789 Et
637 747 780 788 lucem
804 743 952 786 tenuis
974 743 1035 784 nil
1059 742 1143 783 nisi
1167 742 1279 783 rima
1300 741 1454 782 trahit.

498 818 602 858 Mox
625 815 697 857 ubi
722 813 914 868 prorepit
938 811 1120 854 latebris
1142 811 1246 860 fera,
1268 817 1476 865 praepete
1499 809 1617 850 saltu

554 884 733 932 Involo3
769 882 830 923 sic
854 880 981 923 uncis
1003 881 1168 935 praeda
1191 880 1239 921 fit
1263 879 1339 921 illa
1362 878 1487 920 meis.
2070 887 2124 928 50

494 952 615 993 Vivit
639 950 784 992 adhuc
806 948 1036 1003 trepidans
1059 947 1332 1002 pedibusque
1355 945 1588 988 tenacibus
1614 946 1817 994 haerens,

553 1019 716 1061 Nescio
740 1033 873 1072 quam
896 1017 1022 1059 tenui
1045 1031 1272 1058 murmure
1294 1016 1436 1071 poscit
1464 1030 1604 1070 opem.

493 1092 653 1131 Annuo
677 1087 906 1142 quaesitis,
932 1087 1124 1137 dimitto,
1150 1087 1287 1128 libera
1308 1086 1468 1127 vinclis

554 1158 637 1199 Illa
660 1157 785 1211 fugit,
809 1157 1028 1210 trepidam
1052 1171 1155 1197 mox
1177 1170 1260 1209 ego
1283 1155 1392 1196 sisto
1414 1155 1582 1208 fugam.

495 1228 589 1268 Nec
614 1226 750 1268 semel
774 1225 978 1274 excurrit,
1002 1224 1176 1278 quoties
1198 1231 1350 1266 tamen
1373 1224 1450 1265 illa
1473 1224 1663 1264 salutem

553 1297 712 1350 Sperat
736 1309 888 1343 ovans,
914 1285 1046 1335 toties
1069 1293 1113 1334 in
1139 1308 1238 1335 mea
1260 1293 1407 1334 vincla
1430 1292 1557 1334 redit.

496 1366 683 1407 Pectora
705 1364 938 1406 confossus
961 1363 1083 1404 letali
1105 1363 1287 1404 vulnere
1310 1363 1492 1404 tandem

554 1433 789 1483 Sternitur,
811 1434 953 1482 Anna,
974 1438 1077 1474 tuos
1100 1432 1332 1473 musculus
1355 1439 1460 1474 ante
1483 1432 1627 1485 pedes.

499 1502 576 1544 Sin
600 1502 722 1543 iuvat
746 1501 1003 1555 aucupium,
1028 1501 1118 1542 noli
1141 1501 1236 1551 tibi,
1263 1501 1390 1548 Diva,
1411 1500 1636 1542 volucrem

555 1572 790 1626 Quaerere,
813 1584 924 1624 quae
948 1569 1092 1611 socias
1115 1570 1284 1624 perfida
1307 1575 1474 1610 mactat
1498 1583 1616 1610 aves.
2073 1567 2128 1607 60

500 1643 632 1683 Hanc
655 1655 736 1695 ego
759 1647 924 1682 venatu
947 1655 1119 1694 supero,
1142 1640 1177 1681 si
1200 1639 1399 1681 fulminis
1422 1640 1537 1685 ales-

557 1709 803 1764 Excipitur,
825 1710 1056 1751 volucrum
1081 1724 1151 1750 me
1174 1724 1315 1763 genus
1334 1723 1465 1750 omne
1487 1708 1628 1750 timet.

500 1780 602 1820 Non
626 1778 735 1820 mihi
759 1784 862 1820 sunt
887 1778 995 1826 alae,
1018 1779 1226 1832 praedam
1251 1785 1403 1820 tamen
1427 1791 1624 1831 aucupor
1645 1783 1758 1826 astu,

557 1849 617 1889 Et
641 1848 814 1902 quoties
837 1847 996 1902 pennis
1019 1853 1086 1889 est
1109 1862 1234 1901 opus,
1259 1854 1354 1888 arte
1377 1861 1515 1901 regor.

499 1917 703 1959 Callidus
726 1918 966 1958 observans
988 1917 1190 1958 volucres
1213 1931 1301 1971 qua
1322 1917 1477 1958 fronde
1498 1922 1722 1970 tegantur,

560 1987 663 2027 Huc
686 2000 767 2040 ego
790 2000 866 2040 per
888 1987 1109 2035 tenebras,
1135 1993 1264 2027 nocte
1288 1985 1458 2033 silente,
1480 1984 1603 2026 feror.

499 2056 665 2096 Arbore
689 2069 946 2104 conscensa,
972 2069 1130 2096 somno
1153 2054 1428 2109 dapibusque
1453 2054 1651 2108 sepultas

559 2123 773 2176 Oecupo?
808 2122 978 2177 sopitae
1002 2122 1065 2163 sic
1087 2122 1348 2176 iugulantur
1369 2137 1484 2164 aves.

499 2191 628 2233 Talia
651 2199 694 2233 te
717 2191 753 2232 si
775 2192 864 2233 fors
886 2197 1088 2233 recreant
1113 2191 1381 2246 spectacula,
1407 2191 1556 2244 Virgo,

561 2263 684 2304 Inter
706 2261 888 2304 delicias
910 2277 980 2304 me
1003 2277 1177 2317 quoque
1201 2277 1314 2317 pone
1335 2269 1448 2304 tuas.
2077 2272 2132 2315 70

464 2475 516 2506 52.
543 2466 653 2497 Tenui
670 2468 868 2507 murmure.]
913 2467 987 2499 The
1006 2471 1025 2485 “
1037 2468 1205 2510 cheeping
1216 2469 1233 2483 ’³
1250 2468 1289 2499 of
1300 2468 1357 2500 the
1373 2479 1492 2500 mouse
1509 2469 1536 2500 is
1553 2468 1682 2510 mainly
1695 2475 1821 2507 meant,
1835 2468 1966 2510 though
1983 2466 2134 2509 possibly

330 2525 350 2538 “
363 2522 466 2552 mus”
484 2531 562 2562 may
578 2521 712 2553 include
729 2528 797 2553 rats
815 2532 852 2553 as
869 2522 944 2553 well
962 2532 1000 2553 as
1016 2523 1113 2555 mice.
