2228 3372
339 305 416 346 168
1052 312 1405 344 EPIGRAMMATA.

389 906 597 947 CXXIX.
660 905 742 944 AD
787 904 1036 944 MARIAM
1083 904 1472 954 ERESKINAM,
1520 880 2067 947 ILLUSTRISSIMAM

722 983 1111 1027 COMITISSAM
1158 985 1735 1027 MARESCALLANAM.

931 1180 1188 1211 DEDICATIO
1222 1181 1527 1211 PSALMORUM.

501 1277 723 1333 Nympha,
748 1277 842 1332 pari
866 1277 1097 1332 quae'sola
1120 1292 1257 1328 cares,
1283 1284 1325 1319 et
1351 1277 1548 1332 Regibus
1571 1283 1682 1328 orta,

556 1349 677 1389 Luce
700 1353 776 1389 ‘tua
798 1347 898 1401 plus
921 1361 1054 1400 quam
1079 1346 1311 1388 nobilitate
1334 1346 1449 1388 nites
1471 1362 1478 1387 :

498 1417 580 1459 Cui
603 1417 766 1458 collata
787 1422 933 1470 potest
957 1416 1148 1470 elinguis
1173 1417 1322 1458 Suada
1343 1416 1495 1465 videri,

555 1489 667 1529 Iuno
690 1487 812 1536 levis,
839 1486 998 1541 Cypris
1018 1486 1158 1536 fusca,
1186 1486 1388 1527 Minerva
1412 1486 1560 1527 rudis:

496 1556 579 1615 Cui
601 1558 759 1598 domus
782 1557 989 1597 heredem
1013 1557 1142 1597 debet
1169 1556 1384 1605 Kethaea,
1409 1555 1584 1597 coaevis

552 1626 638 1681 Qui
661 1625 817 1680 praeit,
841 1632 883 1667 et
907 1640 1094 1679 magnos
1117 1631 1279 1678 aequat
1303 1625 1501 1679 ephebus
1524 1639 1630 1667 avos
1652 1640 1660 1666 :

496 1697 597 1737 Non
621 1711 701 1751 ego
723 1702 767 1737 te
791 1695 972 1750 Phrygii
996 1695 1187 1750 pastoris
1212 1709 1395 1736 munere
1418 1684 1545 1743 dono,

554 1766 657 1807 Una
680 1765 781 1806 licet
804 1765 957 1806 vincas
979 1771 1069 1806 tres
1092 1764 1187 1805 sine
1210 1764 1286 1805 lite
1312 1765 1447 1806 Deas.

495 1835 655 1889 Accipe
678 1834 844 1888 pastori
869 1834 1077 1889 Solyma-e
1101 1849 1210 1888 quos
1234 1834 1414 1875 tradidit
1439 1834 1630 1889 hymnos

552 1904 687 1945 Sacra
709 1903 854 1953 Trias,
879 1904 1005 1945 cuius
1027 1910 1071 1944 te
1094 1903 1193 1957 pius
1217 1904 1303 1944 urit
1327 1918 1466 1945 amor.

493 1972 656 2026 Accipe
679 1973 794 2025 quod
818 1978 1019 2013 nostrum
1044 1978 1124 2021 est,
1153 1972 1327 2014 Clariae
1351 1973 1492 2014 tutela
1516 1973 1725 2023 cohortis,

551 2040 633 2083 Cui
656 2041 896 2094 vectigales
919 2048 1022 2082 sunt
1049 2041 1281 2083 Heliconis
1304 2057 1456 2096 aquae.

493 2109 562 2151 Tu
586 2111 757 2163 pondus
781 2110 1013 2163 lucemque
1036 2111 1161 2152 dabis
1182 2111 1412 2165 vitamque
1435 2113 1675 2161 Camenae,

550 2179 674 2233 Quae
698 2179 806 2220 levis
829 2185 872 2220 et
895 2180 1106 2233 squalens
1129 2195 1230 2221 mox
1254 2180 1448 2234 peritura
1470 2180 1567 2222 fuit.

535 2383 762 2422 Ereskinam]
809 2384 847 2414 In
866 2383 1030 2415 Lauder’s
1046 2385 1165 2415 Musae
1182 2385 1305 2416 Sacrae
1322 2385 1433 2425 (1739)
1451 2384 1518 2416 this
1535 2395 1677 2426 appears
1694 2395 1732 2416 as
1754 2384 1986 2417 “Areskinam
1999 2385 2031 2416 ”.

481 2448 507 2468 1.
534 2438 684 2479 Regibus
700 2440 801 2478 orta.]
846 2439 1009 2479 Through
1027 2439 1084 2470 her
1101 2439 1329 2480 grandfather,
1347 2439 1404 2470 the
1422 2439 1520 2470 Duke
1536 2439 1576 2471 of
1588 2440 1742 2471 Lennox.

2070 1916 2123 1945 10
