2228 3372
317 289 398 341 236
907 296 1119 328 PARERGA
1151 282 1524 336 (SUPPLEMENT).

430 404 594 446 CLVI.
659 402 964 458 QUERELA
998 397 1243 441 ANNULI
1280 398 1316 438 A
1349 395 1641 438 GEORGIO
1675 393 2013 436 GORDONIO

318 483 719 526 MARCHIONIS
760 480 1096 524 HUNTLAEI
1138 478 1312 520 FILIO
1351 477 1435 518 AD
1476 476 1568 517 ME
1608 475 1776 517 MISSI
1817 474 1951 516 CAL.
1990 474 2113 514 IAN.

489 634 579 674 Cur
601 631 709 672 mihi
733 644 834 685 pars
857 643 964 671 auro
988 628 1145 677 radiat,
1170 641 1273 682 pars
1297 626 1432 668 divite
1455 639 1648 680 gemma,

547 701 672 741 Haec
695 698 835 741 oculis
857 697 1023 739 domini
1048 696 1268 745 concolor,
1292 694 1369 736 illa
1392 694 1565 736 cornis?

486 767 612 809 Atria
634 781 711 809 cur
732 766 883 808 imitor
904 766 1164 814 caelestum,
1189 764 1329 806 flexus
1352 763 1396 804 in
1419 764 1570 805 orbem
1589 763 1605 803 ῗ

547 836 705 879 Nobile
728 835 959 878 materiem
979 849 1058 877 cur
1079 833 1304 888 superavit
1328 833 1472 886 opus?

492 907 592 947 Heu
616 920 715 947 mea
737 919 818 947 nec
839 903 1030 959 gemmis
1053 917 1132 958 par
1154 909 1221 945 est
1243 902 1423 944 fortuna
1446 916 1527 942 nec
1550 915 1672 950 ωηο,

548 976 640 1016 Nec
664 973 916 1024 caelaturis,
941 988 1013 1015 ars
1036 987 1237 1028 operosa,
1262 970 1362 1013 tuis.

490 1044 666 1086 Priscus
689 1044 829 1086 honor
851 1043 1006 1098 periit:
1040 1056 1247 1084 caussam
1271 1040 1307 1081 si
1331 1039 1507 1095 quaeris
1531 1040 1708 1088 habeto,

547 1115 636 1155 Res
659 1113 803 1167 inopis
826 1127 945 1154 nunc
968 1127 1082 1161 sum,
1108 1111 1256 1153 divitis
1279 1116 1383 1152 ante
1405 1109 1482 1150 fui.

489 1182 573 1237 Qui
597 1181 719 1237 prius
744 1182 896 1231 Heroi‚
918 1181 1106 1236 digitum
1131 1180 1219 1221 iam
1243 1179 1372 1234 cingo
1396 1185 1567 1233 poetae,

548 1252 640 1294 Nec
664 1251 758 1293 sine
783 1266 853 1293 me
876 1250 1105 1305 quer-ulam
1129 1248 1320 1305 percutit
1344 1248 1416 1290 ille
1440 1248 1598 1302 lyram.
2070 1259 2122 1287 10

487 1321 568 1370 Ah,
591 1321 706 1363 male
729 1320 786 1362 sit
812 1321 935 1370 Iano,
960 1319 1034 1374 qui
1058 1318 1225 1361 claudit
1249 1324 1292 1360 et
1315 1317 1497 1359 inchoat
1521 1331 1716 1358 annum:

549 1392 646 1446 Quo
669 1404 856 1444 premor,
877 1389 998 1431 illius
1021 1388 1096 1430 lux
1119 1387 1229 1430 mihi
1254 1401 1391 1429 causa
1415 1386 1520 1428 mali
1544 1392 1627 1428 est.

492 1461 618 1502 Haec
641 1460 773 1502 simul
797 1459 978 1509 affulsit,
1003 1474 1073 1500 me
1096 1458 1170 1513 qui
1194 1457 1296 1500 tulit
1320 1456 1440 1499 exuit
1467 1457 1629 1505 Heros,

549 1531 654 1571 Mox
675 1529 753 1580 ait,
777 1529 943 1571 invisas
965 1529 1157 1578 Annule,
1181 1542 1337 1582 rumpe
1361 1541 1522 1568 moras.

492 1600 526 1649 I,
552 1613 752 1654 propera,
777 1613 904 1641 sacra
929 1600 1194 1640 Ionstonum
1217 1597 1315 1639 luce
1338 1596 1510 1638 saluta:

548 1670 662 1711 Sunt
686 1668 795 1710 mihi
818 1667 950 1710 vicini
975 1682 1085 1722 quos
1109 1666 1212 1709 colit
1236 1666 1309 1708 ille
1332 1666 1458 1708 lares.
1532 1680 1537 1682 ·

491 1738 604 1778 Vate
627 1737 836 1787 salutato,
861 1736 1050 1791 digitum
1073 1743 1117 1778 te
1140 1735 1316 1789 cingere
1339 1748 1419 1789 par
1440 1741 1522 1784 est,

549 1807 717 1860 Sponte
740 1819 922 1847 manum
946 1804 1074 1847 donis
1096 1804 1290 1859 porriget
1314 1803 1387 1844 ille
1410 1802 1535 1843 meis.

491 1874 607 1930 Quid
629 1874 820 1916 facerem
839 1876 855 1916 ?
921 1873 1122 1915 Priscum
1147 1872 1337 1914 mutavit
1360 1886 1538 1926 gemma
1561 1871 1767 1920 colorem,

549 1943 706 1998 Coepit
730 1950 772 1985 et
796 1943 992 1985 extincto
1015 1943 1182 1985 lumine
1205 1943 1321 1984 nube
1344 1941 1448 1996 tegi.
2073 1952 2127 1981 20

492 2013 621 2055 Vatis
643 2020 686 2055 et
710 2019 950 2068 expectans
973 2012 1135 2067 digitos
1158 2011 1370 2066 expalluit
1393 2026 1566 2059 aurum,

552 2083 611 2123 Et
634 2081 716 2123 fuit
740 2082 855 2132 huic,
877 2083 1060 2137 plumbo
1083 2081 1157 2136 qui
1181 2081 1292 2123 solet
1316 2095 1427 2130 esse,
1452 2080 1584 2122 color.

495 2153 595 2194 Non
620 2153 760 2202 decet,
785 2152 972 2202 aiebam,
997 2158 1122 2193 vates
1145 2151 1316 2192 radiare
1338 2150 1532 2206 pyropis,

551 2223 638 2263 Aut
662 2222 778 2276 cingi
802 2221 968 2276 spoliis,
994 2221 1156 2263 aurifer
1180 2222 1362 2271 Herme,
1386 2220 1491 2262 tuis.

497 2292 581 2333 Pro
604 2291 717 2346 stipe
743 2291 1001 2333 Maeonides
1025 2290 1183 2332 cecinit
1207 2291 1299 2332 fera
1321 2289 1502 2345 proelia,
1527 2303 1696 2331 merces

553 2360 683 2402 Vatis
705 2367 747 2402 et
771 2360 934 2402 Andini
959 2360 1154 2402 maxima
1175 2359 1303 2414 panis
1326 2366 1435 2401 erat.

498 2431 611 2472 Sunt
635 2443 866 2484 procerum
891 2443 1109 2484 gemmae,
1135 2435 1238 2470 sunt
1261 2435 1414 2470 vatum
1438 2427 1636 2483 praemia
1658 2426 1784 2477 lauri,

556 2499 659 2553 Ipse
681 2498 841 2553 quibus
865 2498 1029 2540 nitidas
1052 2497 1189 2550 cingit
1213 2497 1371 2552 Apollo
1394 2511 1559 2539 comas.

500 2567 664 2610 Divitis
686 2568 886 2610 articulis
908 2582 1064 2610 aurum
1089 2568 1285 2617 debetur,
1307 2581 1446 2622 egeno

555 2638 733 2680 Solvere
757 2652 835 2692 pro
858 2637 1027 2679 meritis
1049 2651 1151 2679 aera
1174 2636 1348 2679 minuta
1370 2642 1508 2690 potes.
2074 2646 2130 2686 30

485 2864 513 2887 2.
543 2855 685 2895 Comis.]
732 2856 801 2887 Our
818 2857 928 2896 poet's
945 2855 1068 2897 golden
1086 2855 1158 2887 hair
1177 2855 1204 2886 is
1221 2855 1288 2886 still
1307 2864 1386 2886 seen
1405 2853 1437 2885 in
1454 2853 1507 2885 his
1523 2853 1680 2895 pictures.

485 2922 514 2950 4.
543 2910 721 2951 Superavit
738 2912 853 2952 opus]
898 2911 927 2942 A
944 2921 1023 2942 case
1040 2911 1080 2942 os
1093 2915 1112 2928 ‘⁴
1125 2909 1376 2951 manupretium
1390 2911 1417 2941 ’‘.
1468 2908 1522 2951 Cs.
1544 2908 1643 2949 0vid,
1663 2908 1760 2946 Met„
1780 2908 1804 2939 1.
1826 2917 1854 2946 5.
