<?xml version="1.0" encoding="UTF-8"?>
<!DOCTYPE html PUBLIC "-//W3C//DTD XHTML 1.0 Transitional//EN"
    "http://www.w3.org/TR/xhtml1/DTD/xhtml1-transitional.dtd">
<html xmlns="http://www.w3.org/1999/xhtml" xml:lang="en" lang="en">
 <head>
  <title>
</title>
<meta http-equiv="Content-Type" content="text/html;charset=utf-8" />
  <meta name='ocr-system' content='tesseract 3.04.00' />
  <meta name='ocr-capabilities' content='ocr_page ocr_carea ocr_par ocr_line ocrx_word'/>
</head>
<body>
  <div class='ocr_page' id='page_1' title='image "./musalatinaaberdo02gedduoft_0087.png"; bbox 0 0 2228 3372; ppageno 0'>
   <div class='ocr_carea' id='block_1_1' title="bbox 620 275 1970 321">
    <p class='ocr_par' dir='ltr' id='par_1_1' title="bbox 620 275 1970 321">
     <span class='ocr_line' id='line_1_1' title="bbox 620 275 1970 321; baseline 0.002 -16"><span class='ocrx_word' id='word_1_1' title='bbox 620 275 853 306; x_wconf 88' lang='lat' dir='ltr'>NUPTIALS</span> <span class='ocrx_word' id='word_1_2' title='bbox 887 276 935 306; x_wconf 95' lang='lat' dir='ltr'>IN</span> <span class='ocrx_word' id='word_1_3' title='bbox 972 275 1131 305; x_wconf 91' lang='lat' dir='ltr'>HOUSE</span> <span class='ocrx_word' id='word_1_4' title='bbox 1163 276 1221 305; x_wconf 93' lang='lat' dir='ltr'>OF</span> <span class='ocrx_word' id='word_1_5' title='bbox 1255 276 1505 307; x_wconf 87' lang='lat' dir='ltr'>BOUILLON.</span> <span class='ocrx_word' id='word_1_6' title='bbox 1919 281 1970 321; x_wconf 81' lang='lat'>19</span> 
     </span>
    </p>
   </div>
   <div class='ocr_carea' id='block_1_2' title="bbox 221 659 1912 714">
    <p class='ocr_par' dir='ltr' id='par_1_2' title="bbox 221 659 1912 714">
     <span class='ocr_line' id='line_1_2' title="bbox 221 659 1912 714; baseline 0.001 -14"><span class='ocrx_word' id='word_1_7' title='bbox 221 660 344 701; x_wconf 87' lang='lat' dir='ltr'><strong>LVI.</strong></span> <span class='ocrx_word' id='word_1_8' title='bbox 391 659 477 700; x_wconf 92' lang='lat' dir='ltr'>DE</span> <span class='ocrx_word' id='word_1_9' title='bbox 510 660 815 709; x_wconf 89' lang='lat' dir='ltr'><strong>ARMILLA,</strong></span> <span class='ocrx_word' id='word_1_10' title='bbox 851 660 1031 714; x_wconf 84' lang='lat' dir='ltr'>QUAM</span> <span class='ocrx_word' id='word_1_11' title='bbox 1071 659 1375 702; x_wconf 90' lang='lat' dir='ltr'><strong>TURRAEA</strong></span> <span class='ocrx_word' id='word_1_12' title='bbox 1415 661 1654 703; x_wconf 88' lang='lat' dir='ltr'>SPONSO</span> <span class='ocrx_word' id='word_1_13' title='bbox 1696 660 1912 702; x_wconf 90' lang='lat' dir='ltr'>DEDIT.</span> 
     </span>
    </p>
   </div>
   <div class='ocr_carea' id='block_1_3' title="bbox 334 813 1974 2312">
    <p class='ocr_par' dir='ltr' id='par_1_3' title="bbox 334 813 1974 2312">
     <span class='ocr_line' id='line_1_3' title="bbox 337 813 1491 868; baseline 0.002 -14"><span class='ocrx_word' id='word_1_14' title='bbox 337 814 451 855; x_wconf 83' lang='lat' dir='ltr'>Sunt</span> <span class='ocrx_word' id='word_1_15' title='bbox 474 827 678 867; x_wconf 88' lang='lat' dir='ltr'>gemmae</span> <span class='ocrx_word' id='word_1_16' title='bbox 701 828 803 868; x_wconf 90' lang='lat' dir='ltr'>pars</span> <span class='ocrx_word' id='word_1_17' title='bbox 826 828 915 856; x_wconf 92' lang='lat' dir='ltr'>una</span> <span class='ocrx_word' id='word_1_18' title='bbox 937 813 1018 863; x_wconf 89' lang='lat' dir='ltr'>tui,</span> <span class='ocrx_word' id='word_1_19' title='bbox 1043 828 1146 867; x_wconf 87' lang='lat' dir='ltr'>pars</span> <span class='ocrx_word' id='word_1_20' title='bbox 1168 813 1310 855; x_wconf 88' lang='lat' dir='ltr'>altera</span> <span class='ocrx_word' id='word_1_21' title='bbox 1332 813 1491 864; x_wconf 82' lang='lat' dir='ltr'>crines,</span> 
     </span>
     <span class='ocr_line' id='line_1_4' title="bbox 392 882 1414 936; baseline 0.001 -13"><span class='ocrx_word' id='word_1_22' title='bbox 392 882 594 933; x_wconf 88' lang='lat' dir='ltr'>Armilla,</span> <span class='ocrx_word' id='word_1_23' title='bbox 619 882 722 924; x_wconf 90' lang='lat' dir='ltr'>hinc</span> <span class='ocrx_word' id='word_1_24' title='bbox 745 882 903 936; x_wconf 88' lang='lat' dir='ltr'>ingens</span> <span class='ocrx_word' id='word_1_25' title='bbox 926 882 1067 936; x_wconf 79' lang='lat' dir='ltr'><strong>surgit</strong></span> <span class='ocrx_word' id='word_1_26' title='bbox 1091 888 1134 924; x_wconf 91' lang='lat' dir='ltr'>et</span> <span class='ocrx_word' id='word_1_27' title='bbox 1158 882 1260 924; x_wconf 92' lang='lat' dir='ltr'>inde</span> <span class='ocrx_word' id='word_1_28' title='bbox 1283 882 1414 924; x_wconf 89' lang='lat' dir='ltr'>nitor.</span> 
     </span>
     <span class='ocr_line' id='line_1_5' title="bbox 336 951 1663 1005; baseline 0 -12"><span class='ocrx_word' id='word_1_29' title='bbox 336 952 553 993; x_wconf 87' lang='lat' dir='ltr'>Gemmas</span> <span class='ocrx_word' id='word_1_30' title='bbox 575 951 746 993; x_wconf 86' lang='lat' dir='ltr'>concha</span> <span class='ocrx_word' id='word_1_31' title='bbox 767 951 885 1001; x_wconf 88' lang='lat' dir='ltr'>tulit,</span> <span class='ocrx_word' id='word_1_32' title='bbox 910 966 996 1005; x_wconf 90' lang='lat' dir='ltr'>qua</span> <span class='ocrx_word' id='word_1_33' title='bbox 1020 952 1244 1005; x_wconf 87' lang='lat' dir='ltr'>quondam</span> <span class='ocrx_word' id='word_1_34' title='bbox 1268 957 1413 994; x_wconf 91' lang='lat' dir='ltr'>mater</span> <span class='ocrx_word' id='word_1_35' title='bbox 1433 952 1663 1002; x_wconf 83' lang='lat' dir='ltr'>Amorum,</span> 
     </span>
     <span class='ocr_line' id='line_1_6' title="bbox 395 1020 1439 1075; baseline 0 -13"><span class='ocrx_word' id='word_1_36' title='bbox 395 1021 515 1062; x_wconf 89' lang='lat' dir='ltr'>Nata</span> <span class='ocrx_word' id='word_1_37' title='bbox 537 1035 704 1070; x_wconf 86' lang='lat' dir='ltr'>recens,</span> <span class='ocrx_word' id='word_1_38' title='bbox 731 1021 928 1075; x_wconf 84' lang='lat' dir='ltr'>Cyprum</span> <span class='ocrx_word' id='word_1_39' title='bbox 952 1035 1030 1074; x_wconf 90' lang='lat' dir='ltr'>per</span> <span class='ocrx_word' id='word_1_40' title='bbox 1052 1035 1173 1062; x_wconf 86' lang='lat' dir='ltr'>mare</span> <span class='ocrx_word' id='word_1_41' title='bbox 1195 1026 1325 1062; x_wconf 86' lang='lat' dir='ltr'>vecta</span> <span class='ocrx_word' id='word_1_42' title='bbox 1346 1020 1439 1062; x_wconf 91' lang='lat' dir='ltr'>fuit.</span> 
     </span>
     <span class='ocr_line' id='line_1_7' title="bbox 335 1088 1659 1143; baseline -0.001 -12"><span class='ocrx_word' id='word_1_43' title='bbox 335 1089 515 1132; x_wconf 86' lang='lat' dir='ltr'>Candor</span> <span class='ocrx_word' id='word_1_44' title='bbox 536 1088 580 1130; x_wconf 94' lang='lat' dir='ltr'>in</span> <span class='ocrx_word' id='word_1_45' title='bbox 604 1089 673 1130; x_wconf 93' lang='lat' dir='ltr'>his</span> <span class='ocrx_word' id='word_1_46' title='bbox 696 1089 866 1138; x_wconf 80' lang='lat' dir='ltr'>niveus,</span> <span class='ocrx_word' id='word_1_47' title='bbox 892 1088 1010 1130; x_wconf 87' lang='lat' dir='ltr'>nitor</span> <span class='ocrx_word' id='word_1_48' title='bbox 1032 1095 1112 1138; x_wconf 87' lang='lat' dir='ltr'>est,</span> <span class='ocrx_word' id='word_1_49' title='bbox 1137 1088 1260 1130; x_wconf 85' lang='lat' dir='ltr'>fratri</span> <span class='ocrx_word' id='word_1_50' title='bbox 1284 1089 1461 1131; x_wconf 90' lang='lat' dir='ltr'>aemula</span> <span class='ocrx_word' id='word_1_51' title='bbox 1483 1089 1659 1143; x_wconf 90' lang='lat' dir='ltr'>qualem</span> 
     </span>
     <span class='ocr_line' id='line_1_8' title="bbox 394 1157 1384 1200; baseline 0 0"><span class='ocrx_word' id='word_1_52' title='bbox 394 1158 510 1200; x_wconf 85' lang='lat' dir='ltr'>Orbe</span> <span class='ocrx_word' id='word_1_53' title='bbox 533 1157 705 1199; x_wconf 88' lang='lat' dir='ltr'>micans</span> <span class='ocrx_word' id='word_1_54' title='bbox 729 1158 875 1199; x_wconf 90' lang='lat' dir='ltr'>medio</span> <span class='ocrx_word' id='word_1_55' title='bbox 896 1158 1080 1199; x_wconf 86' lang='lat' dir='ltr'>fundere</span> <span class='ocrx_word' id='word_1_56' title='bbox 1106 1159 1236 1200; x_wconf 90' lang='lat' dir='ltr'>Luna</span> <span class='ocrx_word' id='word_1_57' title='bbox 1260 1158 1384 1200; x_wconf 91' lang='lat' dir='ltr'>solet.</span> 
     </span>
     <span class='ocr_line' id='line_1_9' title="bbox 336 1226 1456 1280; baseline 0 -12"><span class='ocrx_word' id='word_1_58' title='bbox 336 1226 526 1268; x_wconf 86' lang='lat' dir='ltr'>Laevior</span> <span class='ocrx_word' id='word_1_59' title='bbox 546 1226 616 1267; x_wconf 92' lang='lat' dir='ltr'>his</span> <span class='ocrx_word' id='word_1_60' title='bbox 639 1240 727 1267; x_wconf 92' lang='lat' dir='ltr'>non</span> <span class='ocrx_word' id='word_1_61' title='bbox 750 1232 831 1276; x_wconf 87' lang='lat' dir='ltr'>est,</span> <span class='ocrx_word' id='word_1_62' title='bbox 856 1240 944 1268; x_wconf 91' lang='lat' dir='ltr'>non</span> <span class='ocrx_word' id='word_1_63' title='bbox 968 1226 1063 1280; x_wconf 85' lang='lat' dir='ltr'>ipsa</span> <span class='ocrx_word' id='word_1_64' title='bbox 1086 1226 1318 1268; x_wconf 84' lang='lat' dir='ltr'>rotundior</span> <span class='ocrx_word' id='word_1_65' title='bbox 1339 1226 1456 1268; x_wconf 90' lang='lat' dir='ltr'>orbis</span> 
     </span>
     <span class='ocr_line' id='line_1_10' title="bbox 395 1294 1496 1349; baseline 0.001 -13"><span class='ocrx_word' id='word_1_66' title='bbox 395 1295 621 1345; x_wconf 89' lang='lat' dir='ltr'>Machina,</span> <span class='ocrx_word' id='word_1_67' title='bbox 647 1309 735 1336; x_wconf 94' lang='lat' dir='ltr'>non</span> <span class='ocrx_word' id='word_1_68' title='bbox 760 1294 958 1349; x_wconf 82' lang='lat' dir='ltr'>Paphiae</span> <span class='ocrx_word' id='word_1_69' title='bbox 982 1295 1125 1336; x_wconf 88' lang='lat' dir='ltr'>lactea</span> <span class='ocrx_word' id='word_1_70' title='bbox 1152 1309 1351 1337; x_wconf 87' lang='lat' dir='ltr'>mamma</span> <span class='ocrx_word' id='word_1_71' title='bbox 1373 1296 1496 1337; x_wconf 91' lang='lat' dir='ltr'>deae.</span> 
     </span>
     <span class='ocr_line' id='line_1_11' title="bbox 336 1363 1633 1419; baseline 0.001 -14"><span class='ocrx_word' id='word_1_72' title='bbox 336 1364 548 1419; x_wconf 87' lang='lat' dir='ltr'>Nympha</span> <span class='ocrx_word' id='word_1_73' title='bbox 570 1363 689 1405; x_wconf 84' lang='lat' dir='ltr'>dedit</span> <span class='ocrx_word' id='word_1_74' title='bbox 713 1364 883 1412; x_wconf 83' lang='lat' dir='ltr'>crines3</span> <span class='ocrx_word' id='word_1_75' title='bbox 921 1365 1075 1405; x_wconf 87' lang='lat' dir='ltr'>Mosae</span> <span class='ocrx_word' id='word_1_76' title='bbox 1100 1363 1372 1406; x_wconf 87' lang='lat' dir='ltr'>Sedanensis</span> <span class='ocrx_word' id='word_1_77' title='bbox 1398 1365 1452 1405; x_wconf 90' lang='lat' dir='ltr'>ad</span> <span class='ocrx_word' id='word_1_78' title='bbox 1477 1366 1633 1414; x_wconf 76' lang='lat' dir='ltr'>undas,</span> 
     </span>
     <span class='ocr_line' id='line_1_12' title="bbox 395 1432 1974 1487; baseline 0.001 -13"><span class='ocrx_word' id='word_1_79' title='bbox 395 1434 492 1474; x_wconf 95' lang='lat' dir='ltr'>Hos</span> <span class='ocrx_word' id='word_1_80' title='bbox 517 1447 680 1487; x_wconf 89' lang='lat' dir='ltr'>sponso</span> <span class='ocrx_word' id='word_1_81' title='bbox 703 1433 886 1487; x_wconf 88' lang='lat' dir='ltr'>laqueos</span> <span class='ocrx_word' id='word_1_82' title='bbox 909 1432 1049 1474; x_wconf 85' lang='lat' dir='ltr'>texuit</span> <span class='ocrx_word' id='word_1_83' title='bbox 1073 1432 1166 1474; x_wconf 90' lang='lat' dir='ltr'>ales</span> <span class='ocrx_word' id='word_1_84' title='bbox 1189 1434 1340 1474; x_wconf 87' lang='lat' dir='ltr'>Amor.</span> <span class='ocrx_word' id='word_1_85' title='bbox 1922 1448 1974 1476; x_wconf 92' lang='lat'>10</span> 
     </span>
     <span class='ocr_line' id='line_1_13' title="bbox 335 1502 1683 1553; baseline 0 -8"><span class='ocrx_word' id='word_1_86' title='bbox 335 1502 555 1546; x_wconf 89' lang='lat' dir='ltr'>Concolor</span> <span class='ocrx_word' id='word_1_87' title='bbox 579 1502 822 1544; x_wconf 90' lang='lat' dir='ltr'>Heliadum</span> <span class='ocrx_word' id='word_1_88' title='bbox 853 1502 1047 1544; x_wconf 84' lang='lat' dir='ltr'>lacrimis</span> <span class='ocrx_word' id='word_1_89' title='bbox 1075 1516 1216 1552; x_wconf 88' lang='lat' dir='ltr'>coma,</span> <span class='ocrx_word' id='word_1_90' title='bbox 1242 1504 1449 1544; x_wconf 85' lang='lat' dir='ltr'>concolor</span> <span class='ocrx_word' id='word_1_91' title='bbox 1470 1517 1579 1545; x_wconf 87' lang='lat' dir='ltr'>auro</span> <span class='ocrx_word' id='word_1_92' title='bbox 1601 1510 1683 1553; x_wconf 89' lang='lat' dir='ltr'>est,</span> 
     </span>
     <span class='ocr_line' id='line_1_14' title="bbox 393 1571 1340 1626; baseline -0.001 -13"><span class='ocrx_word' id='word_1_93' title='bbox 393 1573 465 1620; x_wconf 91' lang='lat' dir='ltr'>Et,</span> <span class='ocrx_word' id='word_1_94' title='bbox 489 1586 575 1626; x_wconf 91' lang='lat' dir='ltr'>quo</span> <span class='ocrx_word' id='word_1_95' title='bbox 597 1571 844 1626; x_wconf 89' lang='lat' dir='ltr'>pinguntur</span> <span class='ocrx_word' id='word_1_96' title='bbox 865 1585 969 1612; x_wconf 91' lang='lat' dir='ltr'>rura</span> <span class='ocrx_word' id='word_1_97' title='bbox 993 1571 1170 1621; x_wconf 77' lang='lat' dir='ltr'>Cilissa,</span> <span class='ocrx_word' id='word_1_98' title='bbox 1197 1585 1340 1613; x_wconf 87' lang='lat' dir='ltr'>croco.</span> 
     </span>
     <span class='ocr_line' id='line_1_15' title="bbox 335 1639 1455 1695; baseline -0.001 -13"><span class='ocrx_word' id='word_1_99' title='bbox 335 1642 437 1683; x_wconf 93' lang='lat' dir='ltr'>Non</span> <span class='ocrx_word' id='word_1_100' title='bbox 461 1640 570 1682; x_wconf 89' lang='lat' dir='ltr'>levis</span> <span class='ocrx_word' id='word_1_101' title='bbox 593 1641 708 1682; x_wconf 90' lang='lat' dir='ltr'>hanc</span> <span class='ocrx_word' id='word_1_102' title='bbox 731 1640 855 1682; x_wconf 90' lang='lat' dir='ltr'>tenui</span> <span class='ocrx_word' id='word_1_103' title='bbox 878 1640 1016 1682; x_wconf 89' lang='lat' dir='ltr'>vincit</span> <span class='ocrx_word' id='word_1_104' title='bbox 1040 1639 1255 1694; x_wconf 80' lang='lat' dir='ltr'>lanugine</span> <span class='ocrx_word' id='word_1_105' title='bbox 1279 1641 1455 1695; x_wconf 86' lang='lat' dir='ltr'>byssus,</span> 
     </span>
     <span class='ocr_line' id='line_1_16' title="bbox 394 1707 1294 1751; baseline 0 -2"><span class='ocrx_word' id='word_1_106' title='bbox 394 1708 492 1750; x_wconf 89' lang='lat' dir='ltr'>Fila</span> <span class='ocrx_word' id='word_1_107' title='bbox 515 1723 595 1750; x_wconf 89' lang='lat' dir='ltr'>nee</span> <span class='ocrx_word' id='word_1_108' title='bbox 618 1708 804 1750; x_wconf 82' lang='lat' dir='ltr'>extremi</span> <span class='ocrx_word' id='word_1_109' title='bbox 827 1707 936 1750; x_wconf 88' lang='lat' dir='ltr'>talia</span> <span class='ocrx_word' id='word_1_110' title='bbox 961 1709 1091 1750; x_wconf 86' lang='lat' dir='ltr'>Seres</span> <span class='ocrx_word' id='word_1_111' title='bbox 1114 1708 1294 1751; x_wconf 89' lang='lat' dir='ltr'>habent.</span> 
     </span>
     <span class='ocr_line' id='line_1_17' title="bbox 336 1777 1558 1834; baseline -0.001 -14"><span class='ocrx_word' id='word_1_112' title='bbox 336 1779 430 1820; x_wconf 89' lang='lat' dir='ltr'>Nec</span> <span class='ocrx_word' id='word_1_113' title='bbox 453 1778 526 1832; x_wconf 91' lang='lat' dir='ltr'>qui</span> <span class='ocrx_word' id='word_1_114' title='bbox 550 1793 596 1819; x_wconf 93' lang='lat' dir='ltr'>se</span> <span class='ocrx_word' id='word_1_115' title='bbox 619 1777 786 1819; x_wconf 85' lang='lat' dir='ltr'>circum</span> <span class='ocrx_word' id='word_1_116' title='bbox 809 1778 1027 1832; x_wconf 85' lang='lat' dir='ltr'>glomerat</span> <span class='ocrx_word' id='word_1_117' title='bbox 1055 1792 1136 1819; x_wconf 84' lang='lat' dir='ltr'>sua</span> <span class='ocrx_word' id='word_1_118' title='bbox 1158 1777 1329 1820; x_wconf 85' lang='lat' dir='ltr'>viscera</span> <span class='ocrx_word' id='word_1_119' title='bbox 1351 1779 1558 1834; x_wconf 71' lang='lat' dir='ltr'>bombyx,</span> 
     </span>
     <span class='ocr_line' id='line_1_18' title="bbox 394 1847 1440 1902; baseline 0.001 -13"><span class='ocrx_word' id='word_1_120' title='bbox 394 1849 488 1899; x_wconf 88' lang='lat' dir='ltr'>Nee</span> <span class='ocrx_word' id='word_1_121' title='bbox 510 1848 601 1889; x_wconf 84' lang='lat' dir='ltr'>fera</span> <span class='ocrx_word' id='word_1_122' title='bbox 624 1848 887 1889; x_wconf 89' lang='lat' dir='ltr'>daedaleum</span> <span class='ocrx_word' id='word_1_123' title='bbox 911 1862 1024 1901; x_wconf 90' lang='lat' dir='ltr'>quae</span> <span class='ocrx_word' id='word_1_124' title='bbox 1048 1848 1157 1902; x_wconf 90' lang='lat' dir='ltr'>pede</span> <span class='ocrx_word' id='word_1_125' title='bbox 1180 1847 1290 1890; x_wconf 83' lang='lat' dir='ltr'>texit</span> <span class='ocrx_word' id='word_1_126' title='bbox 1314 1862 1440 1902; x_wconf 89' lang='lat' dir='ltr'>opus.</span> 
     </span>
     <span class='ocr_line' id='line_1_19' title="bbox 336 1916 1439 1971; baseline 0.002 -14"><span class='ocrx_word' id='word_1_127' title='bbox 336 1917 431 1958; x_wconf 87' lang='lat' dir='ltr'>Nec</span> <span class='ocrx_word' id='word_1_128' title='bbox 454 1931 583 1971; x_wconf 89' lang='lat' dir='ltr'>mage</span> <span class='ocrx_word' id='word_1_129' title='bbox 607 1916 793 1958; x_wconf 88' lang='lat' dir='ltr'>subtiles</span> <span class='ocrx_word' id='word_1_130' title='bbox 816 1931 888 1957; x_wconf 88' lang='lat' dir='ltr'>ars</span> <span class='ocrx_word' id='word_1_131' title='bbox 911 1916 1037 1957; x_wconf 79' lang='lat' dir='ltr'>finxit</span> <span class='ocrx_word' id='word_1_132' title='bbox 1062 1916 1252 1958; x_wconf 93' lang='lat' dir='ltr'>Lemnia</span> <span class='ocrx_word' id='word_1_133' title='bbox 1275 1931 1439 1967; x_wconf 87' lang='lat' dir='ltr'>casses,</span> 
     </span>
     <span class='ocr_line' id='line_1_20' title="bbox 394 1985 1412 2040; baseline 0.002 -14"><span class='ocrx_word' id='word_1_134' title='bbox 394 1986 527 2027; x_wconf 90' lang='lat' dir='ltr'>Nuda</span> <span class='ocrx_word' id='word_1_135' title='bbox 549 1985 782 2039; x_wconf 87' lang='lat' dir='ltr'>repentino</span> <span class='ocrx_word' id='word_1_136' title='bbox 805 2000 904 2027; x_wconf 88' lang='lat' dir='ltr'>eum</span> <span class='ocrx_word' id='word_1_137' title='bbox 932 1986 1029 2026; x_wconf 89' lang='lat' dir='ltr'>Dea</span> <span class='ocrx_word' id='word_1_138' title='bbox 1053 1992 1184 2040; x_wconf 89' lang='lat' dir='ltr'>capta</span> <span class='ocrx_word' id='word_1_139' title='bbox 1207 1986 1308 2027; x_wconf 92' lang='lat' dir='ltr'>dolo</span> <span class='ocrx_word' id='word_1_140' title='bbox 1331 1994 1412 2028; x_wconf 88' lang='lat' dir='ltr'>est.</span> 
     </span>
     <span class='ocr_line' id='line_1_21' title="bbox 334 2054 1485 2109; baseline 0.001 -13"><span class='ocrx_word' id='word_1_141' title='bbox 334 2054 461 2109; x_wconf 86' lang='lat' dir='ltr'>Quae</span> <span class='ocrx_word' id='word_1_142' title='bbox 485 2054 672 2096; x_wconf 91' lang='lat' dir='ltr'>Rhodus</span> <span class='ocrx_word' id='word_1_143' title='bbox 695 2054 739 2095; x_wconf 94' lang='lat' dir='ltr'>in</span> <span class='ocrx_word' id='word_1_144' title='bbox 762 2068 900 2097; x_wconf 90' lang='lat' dir='ltr'>vacua</span> <span class='ocrx_word' id='word_1_145' title='bbox 920 2054 1060 2096; x_wconf 91' lang='lat' dir='ltr'>fertur</span> <span class='ocrx_word' id='word_1_146' title='bbox 1082 2069 1283 2097; x_wconf 87' lang='lat' dir='ltr'>servasse</span> <span class='ocrx_word' id='word_1_147' title='bbox 1305 2055 1485 2105; x_wconf 83' lang='lat' dir='ltr'>tabella,</span> 
     </span>
     <span class='ocr_line' id='line_1_22' title="bbox 391 2123 1974 2178; baseline -0.001 -13"><span class='ocrx_word' id='word_1_148' title='bbox 391 2123 522 2165; x_wconf 89' lang='lat' dir='ltr'>Talia</span> <span class='ocrx_word' id='word_1_149' title='bbox 543 2123 764 2178; x_wconf 87' lang='lat' dir='ltr'>pictorum</span> <span class='ocrx_word' id='word_1_150' title='bbox 787 2124 862 2165; x_wconf 88' lang='lat' dir='ltr'>fila</span> <span class='ocrx_word' id='word_1_151' title='bbox 883 2123 1020 2165; x_wconf 88' lang='lat' dir='ltr'>fuisse</span> <span class='ocrx_word' id='word_1_152' title='bbox 1043 2130 1212 2178; x_wconf 90' lang='lat' dir='ltr'>putem.</span> <span class='ocrx_word' id='word_1_153' title='bbox 1920 2139 1974 2169; x_wconf 91' lang='lat'>20</span> 
     </span>
     <span class='ocr_line' id='line_1_23' title="bbox 337 2192 1318 2243; baseline 0 -9"><span class='ocrx_word' id='word_1_154' title='bbox 337 2192 426 2235; x_wconf 91' lang='lat' dir='ltr'>Hic</span> <span class='ocrx_word' id='word_1_155' title='bbox 451 2192 694 2235; x_wconf 87' lang='lat' dir='ltr'>Bereniceo</span> <span class='ocrx_word' id='word_1_156' title='bbox 718 2192 882 2234; x_wconf 90' lang='lat' dir='ltr'>missus</span> <span class='ocrx_word' id='word_1_157' title='bbox 904 2194 956 2235; x_wconf 93' lang='lat' dir='ltr'>de</span> <span class='ocrx_word' id='word_1_158' title='bbox 979 2193 1144 2235; x_wconf 88' lang='lat' dir='ltr'>vertice</span> <span class='ocrx_word' id='word_1_159' title='bbox 1168 2193 1318 2243; x_wconf 85' lang='lat' dir='ltr'>erinis,</span> 
     </span>
     <span class='ocr_line' id='line_1_24' title="bbox 394 2262 1554 2312; baseline 0.001 -8"><span class='ocrx_word' id='word_1_160' title='bbox 394 2263 477 2304; x_wconf 92' lang='lat' dir='ltr'>Vel</span> <span class='ocrx_word' id='word_1_161' title='bbox 501 2262 640 2305; x_wconf 87' lang='lat' dir='ltr'>cirrus</span> <span class='ocrx_word' id='word_1_162' title='bbox 663 2262 867 2312; x_wconf 86' lang='lat' dir='ltr'>Veneris,</span> <span class='ocrx_word' id='word_1_163' title='bbox 892 2263 959 2304; x_wconf 92' lang='lat' dir='ltr'>vel</span> <span class='ocrx_word' id='word_1_164' title='bbox 983 2269 1075 2312; x_wconf 83' lang='lat' dir='ltr'>tua,</span> <span class='ocrx_word' id='word_1_165' title='bbox 1103 2263 1296 2312; x_wconf 85' lang='lat' dir='ltr'>Phoebe,</span> <span class='ocrx_word' id='word_1_166' title='bbox 1322 2278 1449 2305; x_wconf 88' lang='lat' dir='ltr'>coma</span> <span class='ocrx_word' id='word_1_167' title='bbox 1472 2270 1554 2305; x_wconf 89' lang='lat' dir='ltr'>est.</span> 
     </span>
    </p>
   </div>
   <div class='ocr_carea' id='block_1_4' title="bbox 164 2386 1976 2591">
    <p class='ocr_par' dir='ltr' id='par_1_4' title="bbox 322 2386 1968 2429">
     <span class='ocr_line' id='line_1_25' title="bbox 322 2386 1968 2429; baseline 0.002 -12"><span class='ocrx_word' id='word_1_168' title='bbox 322 2396 352 2426; x_wconf 87' lang='lat'>5.</span> <span class='ocrx_word' id='word_1_169' title='bbox 379 2386 487 2417; x_wconf 80' lang='lat' dir='ltr'>Fratri</span> <span class='ocrx_word' id='word_1_170' title='bbox 505 2387 666 2426; x_wconf 85' lang='lat' dir='ltr'>aemula.]</span> <span class='ocrx_word' id='word_1_171' title='bbox 719 2386 864 2418; x_wconf 86' lang='lat' dir='ltr'>Aemula</span> <span class='ocrx_word' id='word_1_172' title='bbox 877 2396 995 2428; x_wconf 85' lang='lat' dir='ltr'>agrees</span> <span class='ocrx_word' id='word_1_173' title='bbox 1011 2386 1095 2418; x_wconf 84' lang='lat' dir='ltr'>with</span> <span class='ocrx_word' id='word_1_174' title='bbox 1114 2387 1223 2424; x_wconf 82' lang='lat' dir='ltr'>Luna,</span> <span class='ocrx_word' id='word_1_175' title='bbox 1241 2387 1286 2428; x_wconf 92' lang='lat' dir='ltr'>by</span> <span class='ocrx_word' id='word_1_176' title='bbox 1303 2387 1539 2428; x_wconf 81' lang='lat' dir='ltr'>anticipation,</span> <span class='ocrx_word' id='word_1_177' title='bbox 1560 2397 1597 2420; x_wconf 91' lang='lat' dir='ltr'>or</span> <span class='ocrx_word' id='word_1_178' title='bbox 1614 2387 1642 2419; x_wconf 91' lang='lat' dir='ltr'>is</span> <span class='ocrx_word' id='word_1_179' title='bbox 1655 2387 1738 2420; x_wconf 84' lang='lat' dir='ltr'>used</span> <span class='ocrx_word' id='word_1_180' title='bbox 1751 2387 1968 2429; x_wconf 89' lang='lat' dir='ltr'>adverbially.</span> 
     </span>
    </p>

    <p class='ocr_par' dir='ltr' id='par_1_5' title="bbox 306 2441 932 2482">
     <span class='ocr_line' id='line_1_26' title="bbox 306 2441 932 2482; baseline 0.002 -10"><span class='ocrx_word' id='word_1_181' title='bbox 306 2443 356 2472; x_wconf 88' lang='lat'>16.</span> <span class='ocrx_word' id='word_1_182' title='bbox 384 2442 496 2480; x_wconf 88' lang='lat' dir='ltr'>Fera.]</span> <span class='ocrx_word' id='word_1_183' title='bbox 551 2441 720 2482; x_wconf 84' lang='lat' dir='ltr'>Probably</span> <span class='ocrx_word' id='word_1_184' title='bbox 736 2441 795 2472; x_wconf 87' lang='lat' dir='ltr'>the</span> <span class='ocrx_word' id='word_1_185' title='bbox 812 2441 932 2482; x_wconf 87' lang='lat' dir='ltr'>spider.</span> 
     </span>
    </p>

    <p class='ocr_par' dir='ltr' id='par_1_6' title="bbox 164 2495 1976 2591">
     <span class='ocr_line' id='line_1_27' title="bbox 305 2495 1976 2539; baseline 0.001 -13"><span class='ocrx_word' id='word_1_186' title='bbox 305 2497 355 2527; x_wconf 93' lang='lat'>18.</span> <span class='ocrx_word' id='word_1_187' title='bbox 385 2495 516 2536; x_wconf 84' lang='lat' dir='ltr'>Nuda.]</span> <span class='ocrx_word' id='word_1_188' title='bbox 569 2496 643 2527; x_wconf 88' lang='lat' dir='ltr'>The</span> <span class='ocrx_word' id='word_1_189' title='bbox 661 2496 846 2528; x_wconf 84' lang='lat' dir='ltr'>adventure</span> <span class='ocrx_word' id='word_1_190' title='bbox 870 2496 903 2527; x_wconf 82' lang='lat' dir='ltr'>in</span> <span class='ocrx_word' id='word_1_191' title='bbox 928 2496 986 2528; x_wconf 90' lang='lat' dir='ltr'>the</span> <span class='ocrx_word' id='word_1_192' title='bbox 1009 2496 1128 2538; x_wconf 79' lang='lat' dir='ltr'>eighth</span> <span class='ocrx_word' id='word_1_193' title='bbox 1153 2496 1310 2538; x_wconf 87' lang='lat' dir='ltr'>Odyssey</span> <span class='ocrx_word' id='word_1_194' title='bbox 1327 2507 1364 2528; x_wconf 86' lang='lat' dir='ltr'>as</span> <span class='ocrx_word' id='word_1_195' title='bbox 1388 2503 1424 2528; x_wconf 90' lang='lat' dir='ltr'>to</span> <span class='ocrx_word' id='word_1_196' title='bbox 1441 2497 1647 2539; x_wconf 88' lang='lat' dir='ltr'>entrapping</span> <span class='ocrx_word' id='word_1_197' title='bbox 1660 2498 1778 2529; x_wconf 87' lang='lat' dir='ltr'>Venus</span> <span class='ocrx_word' id='word_1_198' title='bbox 1797 2497 1864 2530; x_wconf 89' lang='lat' dir='ltr'>and</span> <span class='ocrx_word' id='word_1_199' title='bbox 1883 2498 1976 2529; x_wconf 86' lang='lat' dir='ltr'>Mars</span> 
     </span>
     <span class='ocr_line' id='line_1_28' title="bbox 164 2550 330 2591; baseline 0 -10"><span class='ocrx_word' id='word_1_200' title='bbox 164 2550 330 2591; x_wconf 83' lang='lat' dir='ltr'>together.</span> 
     </span>
    </p>
   </div>
  </div>
 </body>
</html>
