<?xml version="1.0" encoding="UTF-8"?>
<!DOCTYPE html PUBLIC "-//W3C//DTD XHTML 1.0 Transitional//EN"
    "http://www.w3.org/TR/xhtml1/DTD/xhtml1-transitional.dtd">
<html xmlns="http://www.w3.org/1999/xhtml" xml:lang="en" lang="en">
 <head>
  <title>
</title>
<meta http-equiv="Content-Type" content="text/html;charset=utf-8" />
  <meta name='ocr-system' content='tesseract 3.04.00' />
  <meta name='ocr-capabilities' content='ocr_page ocr_carea ocr_par ocr_line ocrx_word'/>
</head>
<body>
  <div class='ocr_page' id='page_1' title='image "./musalatinaaberdo02gedduoft_0211.png"; bbox 0 0 2228 3372; ppageno 0'>
   <div class='ocr_carea' id='block_1_1' title="bbox 879 333 1926 480">
    <p class='ocr_par' dir='ltr' id='par_1_1' title="bbox 879 333 1926 480">
     <span class='ocr_line' id='line_1_1' title="bbox 902 333 1926 376; baseline 0.002 -13"><span class='ocrx_word' id='word_1_1' title='bbox 902 333 1154 364; x_wconf 88' lang='lat' dir='ltr'><strong>EPIGRAMS.</strong></span> <span class='ocrx_word' id='word_1_2' title='bbox 1846 336 1926 376; x_wconf 88' lang='lat'>123</span> 
     </span>
     <span class='ocr_line' id='line_1_2' title="bbox 879 448 1177 480; baseline -0.003 0"><span class='ocrx_word' id='word_1_3' title='bbox 879 448 1177 480; x_wconf 57' lang='lat' dir='ltr'><strong>2.TffLENUS.</strong></span> 
     </span>
    </p>
   </div>
   <div class='ocr_carea' id='block_1_2' title="bbox 292 553 1928 1230">
    <p class='ocr_par' dir='ltr' id='par_1_2' title="bbox 292 553 1928 1230">
     <span class='ocr_line' id='line_1_3' title="bbox 294 553 1452 602; baseline -0.001 -7"><span class='ocrx_word' id='word_1_4' title='bbox 294 553 520 596; x_wconf 79' lang='lat' dir='ltr'>Colchidis</span> <span class='ocrx_word' id='word_1_5' title='bbox 543 567 778 595; x_wconf 86' lang='lat' dir='ltr'>assumens</span> <span class='ocrx_word' id='word_1_6' title='bbox 800 566 963 594; x_wconf 90' lang='lat' dir='ltr'>nomen</span> <span class='ocrx_word' id='word_1_7' title='bbox 989 553 1232 594; x_wconf 82' lang='lat' dir='ltr'>Ionstonus</span> <span class='ocrx_word' id='word_1_8' title='bbox 1254 558 1296 594; x_wconf 95' lang='lat' dir='ltr'>et</span> <span class='ocrx_word' id='word_1_9' title='bbox 1319 558 1452 602; x_wconf 86' lang='lat' dir='ltr'>artes,</span> 
     </span>
     <span class='ocr_line' id='line_1_4' title="bbox 352 621 1274 677; baseline -0.001 -13"><span class='ocrx_word' id='word_1_10' title='bbox 352 624 571 677; x_wconf 85' lang='lat' dir='ltr'><strong>Ereptum</strong></span> <span class='ocrx_word' id='word_1_11' title='bbox 595 622 722 665; x_wconf 85' lang='lat' dir='ltr'>nobis</span> <span class='ocrx_word' id='word_1_12' title='bbox 744 622 778 664; x_wconf 92' lang='lat' dir='ltr'>it</span> <span class='ocrx_word' id='word_1_13' title='bbox 801 623 937 664; x_wconf 86' lang='lat' dir='ltr'>decus</span> <span class='ocrx_word' id='word_1_14' title='bbox 963 636 1094 663; x_wconf 93' lang='lat' dir='ltr'>omne</span> <span class='ocrx_word' id='word_1_15' title='bbox 1120 621 1274 676; x_wconf 88' lang='lat' dir='ltr'>patris.</span> 
     </span>
     <span class='ocr_line' id='line_1_5' title="bbox 295 691 1389 746; baseline -0.001 -12"><span class='ocrx_word' id='word_1_16' title='bbox 295 693 389 734; x_wconf 93' lang='lat' dir='ltr'>Nec</span> <span class='ocrx_word' id='word_1_17' title='bbox 411 692 584 734; x_wconf 83' lang='lat' dir='ltr'>dubitat</span> <span class='ocrx_word' id='word_1_18' title='bbox 607 705 737 734; x_wconf 86' lang='lat' dir='ltr'>versu</span> <span class='ocrx_word' id='word_1_19' title='bbox 761 698 845 742; x_wconf 85' lang='lat' dir='ltr'>sat,</span> <span class='ocrx_word' id='word_1_20' title='bbox 869 691 956 746; x_wconf 91' lang='lat' dir='ltr'>pol,</span> <span class='ocrx_word' id='word_1_21' title='bbox 981 691 1146 733; x_wconf 90' lang='lat' dir='ltr'>iactare</span> <span class='ocrx_word' id='word_1_22' title='bbox 1169 697 1389 746; x_wconf 91' lang='lat' dir='ltr'>protervo,</span> 
     </span>
     <span class='ocr_line' id='line_1_6' title="bbox 350 759 1293 816; baseline -0.001 -14"><span class='ocrx_word' id='word_1_23' title='bbox 350 761 480 816; x_wconf 85' lang='lat' dir='ltr'>Quod</span> <span class='ocrx_word' id='word_1_24' title='bbox 501 760 635 815; x_wconf 86' lang='lat' dir='ltr'>genui</span> <span class='ocrx_word' id='word_1_25' title='bbox 657 760 841 815; x_wconf 90' lang='lat' dir='ltr'>prolem,</span> <span class='ocrx_word' id='word_1_26' title='bbox 866 760 1064 802; x_wconf 88' lang='lat' dir='ltr'>muneris</span> <span class='ocrx_word' id='word_1_27' title='bbox 1086 775 1183 802; x_wconf 88' lang='lat' dir='ltr'>esse</span> <span class='ocrx_word' id='word_1_28' title='bbox 1210 759 1293 801; x_wconf 90' lang='lat' dir='ltr'>sui.</span> 
     </span>
     <span class='ocr_line' id='line_1_7' title="bbox 293 828 1461 884; baseline -0.001 -13"><span class='ocrx_word' id='word_1_29' title='bbox 293 831 362 871; x_wconf 94' lang='lat' dir='ltr'>An</span> <span class='ocrx_word' id='word_1_30' title='bbox 386 844 640 884; x_wconf 87' lang='lat' dir='ltr'>quenquam</span> <span class='ocrx_word' id='word_1_31' title='bbox 661 828 794 871; x_wconf 89' lang='lat' dir='ltr'>faciet</span> <span class='ocrx_word' id='word_1_32' title='bbox 818 835 989 883; x_wconf 87' lang='lat' dir='ltr'>patrem</span> <span class='ocrx_word' id='word_1_33' title='bbox 1015 830 1188 878; x_wconf 83' lang='lat' dir='ltr'>Medea,</span> <span class='ocrx_word' id='word_1_34' title='bbox 1213 844 1319 871; x_wconf 85' lang='lat' dir='ltr'>suae</span> <span class='ocrx_word' id='word_1_35' title='bbox 1346 843 1461 883; x_wconf 89' lang='lat' dir='ltr'>quae</span> 
     </span>
     <span class='ocr_line' id='line_1_8' title="bbox 351 898 1356 953; baseline -0.001 -12"><span class='ocrx_word' id='word_1_36' title='bbox 351 900 497 942; x_wconf 86' lang='lat' dir='ltr'>Caede</span> <span class='ocrx_word' id='word_1_37' title='bbox 521 900 707 941; x_wconf 88' lang='lat' dir='ltr'>madens</span> <span class='ocrx_word' id='word_1_38' title='bbox 729 899 866 953; x_wconf 87' lang='lat' dir='ltr'>prolis</span> <span class='ocrx_word' id='word_1_39' title='bbox 887 898 1017 940; x_wconf 86' lang='lat' dir='ltr'>desiit</span> <span class='ocrx_word' id='word_1_40' title='bbox 1041 913 1138 940; x_wconf 90' lang='lat' dir='ltr'>esse</span> <span class='ocrx_word' id='word_1_41' title='bbox 1161 899 1356 952; x_wconf 87' lang='lat' dir='ltr'>parens?</span> 
     </span>
     <span class='ocr_line' id='line_1_9' title="bbox 294 967 1575 1022; baseline -0.001 -12"><span class='ocrx_word' id='word_1_42' title='bbox 294 968 381 1010; x_wconf 91' lang='lat' dir='ltr'>Sed</span> <span class='ocrx_word' id='word_1_43' title='bbox 404 982 562 1022; x_wconf 87' lang='lat' dir='ltr'>neque,</span> <span class='ocrx_word' id='word_1_44' title='bbox 590 967 705 1010; x_wconf 88' lang='lat' dir='ltr'>Diva</span> <span class='ocrx_word' id='word_1_45' title='bbox 728 974 887 1022; x_wconf 90' lang='lat' dir='ltr'>potens</span> <span class='ocrx_word' id='word_1_46' title='bbox 910 967 1044 1022; x_wconf 88' lang='lat' dir='ltr'>Cypri</span> <span class='ocrx_word' id='word_1_47' title='bbox 1068 982 1181 1022; x_wconf 89' lang='lat' dir='ltr'>quae</span> <span class='ocrx_word' id='word_1_48' title='bbox 1202 967 1400 1022; x_wconf 88' lang='lat' dir='ltr'>praemia</span> <span class='ocrx_word' id='word_1_49' title='bbox 1423 969 1575 1017; x_wconf 91' lang='lat' dir='ltr'>donat,</span> 
     </span>
     <span class='ocr_line' id='line_1_10' title="bbox 349 1036 1484 1079; baseline 0 -1"><span class='ocrx_word' id='word_1_50' title='bbox 349 1038 416 1078; x_wconf 92' lang='lat' dir='ltr'>Ad</span> <span class='ocrx_word' id='word_1_51' title='bbox 439 1036 636 1078; x_wconf 92' lang='lat' dir='ltr'>sterilem</span> <span class='ocrx_word' id='word_1_52' title='bbox 660 1036 883 1078; x_wconf 91' lang='lat' dir='ltr'>Aonidum</span> <span class='ocrx_word' id='word_1_53' title='bbox 907 1043 1010 1078; x_wconf 88' lang='lat' dir='ltr'>sunt</span> <span class='ocrx_word' id='word_1_54' title='bbox 1034 1037 1263 1079; x_wconf 86' lang='lat' dir='ltr'>referenda</span> <span class='ocrx_word' id='word_1_55' title='bbox 1285 1036 1484 1078; x_wconf 90' lang='lat' dir='ltr'>chorum.</span> 
     </span>
     <span class='ocr_line' id='line_1_11' title="bbox 292 1105 1409 1159; baseline -0.001 -11"><span class='ocrx_word' id='word_1_56' title='bbox 292 1105 501 1149; x_wconf 83' lang='lat' dir='ltr'>Carmine</span> <span class='ocrx_word' id='word_1_57' title='bbox 525 1120 613 1147; x_wconf 92' lang='lat' dir='ltr'>non</span> <span class='ocrx_word' id='word_1_58' title='bbox 636 1105 777 1147; x_wconf 88' lang='lat' dir='ltr'>oritur</span> <span class='ocrx_word' id='word_1_59' title='bbox 798 1105 882 1146; x_wconf 87' lang='lat' dir='ltr'>nisi</span> <span class='ocrx_word' id='word_1_60' title='bbox 905 1106 1211 1147; x_wconf 87' lang='lat' dir='ltr'>subventanea</span> <span class='ocrx_word' id='word_1_61' title='bbox 1237 1105 1409 1159; x_wconf 88' lang='lat' dir='ltr'>proles;</span> 
     </span>
     <span class='ocr_line' id='line_1_12' title="bbox 350 1174 1928 1230; baseline -0.001 -14"><span class='ocrx_word' id='word_1_62' title='bbox 350 1177 504 1230; x_wconf 83' lang='lat' dir='ltr'>Longe</span> <span class='ocrx_word' id='word_1_63' title='bbox 528 1174 614 1217; x_wconf 86' lang='lat' dir='ltr'>alio</span> <span class='ocrx_word' id='word_1_64' title='bbox 636 1175 805 1230; x_wconf 89' lang='lat' dir='ltr'>plectro</span> <span class='ocrx_word' id='word_1_65' title='bbox 828 1181 935 1217; x_wconf 87' lang='lat' dir='ltr'>nata</span> <span class='ocrx_word' id='word_1_66' title='bbox 958 1174 1106 1230; x_wconf 86' lang='lat' dir='ltr'>puella</span> <span class='ocrx_word' id='word_1_67' title='bbox 1133 1174 1241 1216; x_wconf 90' lang='lat' dir='ltr'>mihi</span> <span class='ocrx_word' id='word_1_68' title='bbox 1269 1181 1350 1216; x_wconf 86' lang='lat' dir='ltr'>est.</span> <span class='ocrx_word' id='word_1_69' title='bbox 1876 1186 1928 1215; x_wconf 89' lang='lat'>10</span> 
     </span>
    </p>
   </div>
   <div class='ocr_carea' id='block_1_3' title="bbox 117 1346 1929 1555">
    <p class='ocr_par' dir='ltr' id='par_1_3' title="bbox 275 1346 1500 1390">
     <span class='ocr_line' id='line_1_13' title="bbox 275 1346 1500 1390; baseline -0.001 -11"><span class='ocrx_word' id='word_1_70' title='bbox 275 1357 306 1388; x_wconf 90' lang='lat'>3.</span> <span class='ocrx_word' id='word_1_71' title='bbox 332 1349 420 1388; x_wconf 87' lang='lat' dir='ltr'>Sat.]</span> <span class='ocrx_word' id='word_1_72' title='bbox 467 1348 561 1379; x_wconf 88' lang='lat' dir='ltr'>Must</span> <span class='ocrx_word' id='word_1_73' title='bbox 577 1347 706 1390; x_wconf 84' lang='lat' dir='ltr'>qualify</span> <span class='ocrx_word' id='word_1_74' title='bbox 723 1350 742 1364; x_wconf 88' lang='lat'><strong>“</strong></span> <span class='ocrx_word' id='word_1_75' title='bbox 754 1351 912 1388; x_wconf 85' lang='lat' dir='ltr'>protervo</span> <span class='ocrx_word' id='word_1_76' title='bbox 924 1347 953 1378; x_wconf 91' lang='lat'>”.</span> <span class='ocrx_word' id='word_1_77' title='bbox 1002 1346 1130 1378; x_wconf 90' lang='lat' dir='ltr'>Pol=“</span> <span class='ocrx_word' id='word_1_78' title='bbox 1143 1347 1176 1378; x_wconf 90' lang='lat' dir='ltr'>in</span> <span class='ocrx_word' id='word_1_79' title='bbox 1194 1346 1238 1378; x_wconf 87' lang='lat' dir='ltr'>all</span> <span class='ocrx_word' id='word_1_80' title='bbox 1254 1346 1458 1378; x_wconf 83' lang='lat' dir='ltr'>conscience</span> <span class='ocrx_word' id='word_1_81' title='bbox 1470 1346 1500 1378; x_wconf 89' lang='lat'>’&#39;.</span> 
     </span>
    </p>

    <p class='ocr_par' dir='ltr' id='par_1_4' title="bbox 117 1400 1929 1555">
     <span class='ocr_line' id='line_1_14' title="bbox 275 1400 1929 1443; baseline -0.002 -9"><span class='ocrx_word' id='word_1_82' title='bbox 275 1414 306 1443; x_wconf 89' lang='lat'>9.</span> <span class='ocrx_word' id='word_1_83' title='bbox 333 1402 602 1442; x_wconf 86' lang='lat' dir='ltr'>Subventanea.]</span> <span class='ocrx_word' id='word_1_84' title='bbox 648 1403 702 1433; x_wconf 88' lang='lat' dir='ltr'>An</span> <span class='ocrx_word' id='word_1_85' title='bbox 720 1401 875 1433; x_wconf 86' lang='lat' dir='ltr'>instance</span> <span class='ocrx_word' id='word_1_86' title='bbox 891 1402 932 1432; x_wconf 89' lang='lat' dir='ltr'>of</span> <span class='ocrx_word' id='word_1_87' title='bbox 950 1401 1007 1432; x_wconf 87' lang='lat' dir='ltr'>the</span> <span class='ocrx_word' id='word_1_88' title='bbox 1030 1401 1180 1432; x_wconf 84' lang='lat' dir='ltr'>freedom</span> <span class='ocrx_word' id='word_1_89' title='bbox 1196 1401 1308 1432; x_wconf 87' lang='lat' dir='ltr'>which</span> <span class='ocrx_word' id='word_1_90' title='bbox 1324 1401 1496 1441; x_wconf 86' lang='lat' dir='ltr'>Johnston</span> <span class='ocrx_word' id='word_1_91' title='bbox 1513 1400 1596 1432; x_wconf 90' lang='lat' dir='ltr'>used</span> <span class='ocrx_word' id='word_1_92' title='bbox 1613 1401 1646 1431; x_wconf 91' lang='lat' dir='ltr'>in</span> <span class='ocrx_word' id='word_1_93' title='bbox 1663 1400 1810 1442; x_wconf 87' lang='lat' dir='ltr'>forming</span> <span class='ocrx_word' id='word_1_94' title='bbox 1827 1400 1929 1432; x_wconf 89' lang='lat' dir='ltr'>Latin</span> 
     </span>
     <span class='ocr_line' id='line_1_15' title="bbox 117 1455 1929 1497; baseline -0.001 -9"><span class='ocrx_word' id='word_1_95' title='bbox 117 1463 221 1489; x_wconf 87' lang='lat' dir='ltr'>terms</span> <span class='ocrx_word' id='word_1_96' title='bbox 237 1457 371 1488; x_wconf 87' lang='lat' dir='ltr'>outside</span> <span class='ocrx_word' id='word_1_97' title='bbox 388 1457 445 1488; x_wconf 88' lang='lat' dir='ltr'>the</span> <span class='ocrx_word' id='word_1_98' title='bbox 461 1457 561 1488; x_wconf 87' lang='lat' dir='ltr'>circle</span> <span class='ocrx_word' id='word_1_99' title='bbox 577 1457 616 1488; x_wconf 87' lang='lat' dir='ltr'>of</span> <span class='ocrx_word' id='word_1_100' title='bbox 634 1456 745 1488; x_wconf 84' lang='lat' dir='ltr'>words</span> <span class='ocrx_word' id='word_1_101' title='bbox 764 1455 997 1497; x_wconf 85' lang='lat' dir='ltr'>traditionally</span> <span class='ocrx_word' id='word_1_102' title='bbox 1013 1456 1146 1487; x_wconf 87' lang='lat' dir='ltr'>classic.</span> <span class='ocrx_word' id='word_1_103' title='bbox 1195 1457 1225 1487; x_wconf 90' lang='lat' dir='ltr'>It</span> <span class='ocrx_word' id='word_1_104' title='bbox 1243 1456 1271 1487; x_wconf 89' lang='lat' dir='ltr'>is</span> <span class='ocrx_word' id='word_1_105' title='bbox 1289 1456 1413 1497; x_wconf 86' lang='lat' dir='ltr'>simply</span> <span class='ocrx_word' id='word_1_106' title='bbox 1429 1466 1449 1488; x_wconf 87' lang='lat' dir='ltr'>a</span> <span class='ocrx_word' id='word_1_107' title='bbox 1473 1456 1668 1497; x_wconf 84' lang='lat' dir='ltr'>Latinising</span> <span class='ocrx_word' id='word_1_108' title='bbox 1684 1456 1724 1487; x_wconf 89' lang='lat' dir='ltr'>of</span> <span class='ocrx_word' id='word_1_109' title='bbox 1742 1456 1800 1487; x_wconf 80' lang='lat' dir='ltr'>the</span> <span class='ocrx_word' id='word_1_110' title='bbox 1818 1456 1929 1487; x_wconf 86' lang='lat' dir='ltr'>Greek</span> 
     </span>
     <span class='ocr_line' id='line_1_16' title="bbox 120 1512 1364 1555; baseline -0.002 -9"><span class='ocrx_word' id='word_1_111' title='bbox 120 1516 333 1554; x_wconf 81' lang='grc' dir='ltr'>ὑπηνεμιαῖος,</span> <span class='ocrx_word' id='word_1_112' title='bbox 351 1513 560 1555; x_wconf 85' lang='lat' dir='ltr'>embodying</span> <span class='ocrx_word' id='word_1_113' title='bbox 575 1514 633 1545; x_wconf 87' lang='lat' dir='ltr'>the</span> <span class='ocrx_word' id='word_1_114' title='bbox 651 1513 769 1545; x_wconf 77' lang='lat' dir='ltr'>notiori</span> <span class='ocrx_word' id='word_1_115' title='bbox 787 1513 968 1554; x_wconf 85' lang='lat' dir='ltr'>expressed</span> <span class='ocrx_word' id='word_1_116' title='bbox 985 1513 1018 1543; x_wconf 91' lang='lat' dir='ltr'>in</span> <span class='ocrx_word' id='word_1_117' title='bbox 1036 1523 1096 1544; x_wconf 90' lang='lat' dir='ltr'>our</span> <span class='ocrx_word' id='word_1_118' title='bbox 1115 1516 1134 1530; x_wconf 83' lang='lat'>‘⁴</span> <span class='ocrx_word' id='word_1_119' title='bbox 1150 1512 1324 1554; x_wconf 82' lang='lat' dir='ltr'>wind-egg</span> <span class='ocrx_word' id='word_1_120' title='bbox 1336 1514 1364 1543; x_wconf 89' lang='lat'>’⁷.</span> 
     </span>
    </p>
   </div>
   <div class='ocr_carea' id='block_1_4' title="bbox 854 1759 1187 1801">
    <p class='ocr_par' dir='ltr' id='par_1_5' title="bbox 854 1759 1187 1801">
     <span class='ocr_line' id='line_1_17' title="bbox 854 1759 1187 1801; baseline 0.003 -11"><span class='ocrx_word' id='word_1_121' title='bbox 854 1762 894 1801; x_wconf 88' lang='lat'>3.</span> <span class='ocrx_word' id='word_1_122' title='bbox 929 1759 1187 1801; x_wconf 87' lang='lat' dir='ltr'>JOHNSTON.</span> 
     </span>
    </p>
   </div>
   <div class='ocr_carea' id='block_1_5' title="bbox 116 1863 1934 2112">
    <p class='ocr_par' dir='ltr' id='par_1_6' title="bbox 116 1863 1934 2112">
     <span class='ocr_line' id='line_1_18' title="bbox 235 1863 1934 1914; baseline -0.001 -10"><span class='ocrx_word' id='word_1_123' title='bbox 235 1865 306 1904; x_wconf 88' lang='lat' dir='ltr'>Six</span> <span class='ocrx_word' id='word_1_124' title='bbox 335 1865 524 1905; x_wconf 87' lang='lat' dir='ltr'>harvests</span> <span class='ocrx_word' id='word_1_125' title='bbox 546 1864 669 1903; x_wconf 92' lang='lat' dir='ltr'>rolled</span> <span class='ocrx_word' id='word_1_126' title='bbox 697 1877 825 1914; x_wconf 82' lang='lat' dir='ltr'>away,</span> <span class='ocrx_word' id='word_1_127' title='bbox 849 1864 928 1901; x_wconf 90' lang='lat' dir='ltr'>and</span> <span class='ocrx_word' id='word_1_128' title='bbox 960 1863 1042 1901; x_wconf 91' lang='lat' dir='ltr'>still</span> <span class='ocrx_word' id='word_1_129' title='bbox 1071 1876 1153 1913; x_wconf 91' lang='lat' dir='ltr'>you</span> <span class='ocrx_word' id='word_1_130' title='bbox 1183 1876 1288 1902; x_wconf 90' lang='lat' dir='ltr'>were</span> <span class='ocrx_word' id='word_1_131' title='bbox 1317 1863 1525 1909; x_wconf 87' lang='lat' dir='ltr'>childless,</span> <span class='ocrx_word' id='word_1_132' title='bbox 1548 1863 1647 1901; x_wconf 88' lang='lat' dir='ltr'>with</span> <span class='ocrx_word' id='word_1_133' title='bbox 1670 1876 1723 1901; x_wconf 91' lang='lat' dir='ltr'>no</span> <span class='ocrx_word' id='word_1_134' title='bbox 1744 1863 1865 1913; x_wconf 91' lang='lat' dir='ltr'>proof</span> <span class='ocrx_word' id='word_1_135' title='bbox 1887 1864 1934 1902; x_wconf 91' lang='lat' dir='ltr'>of</span> 
     </span>
     <span class='ocr_line' id='line_1_19' title="bbox 116 1929 1925 1981; baseline 0 -11"><span class='ocrx_word' id='word_1_136' title='bbox 116 1943 218 1981; x_wconf 90' lang='lat' dir='ltr'>your</span> <span class='ocrx_word' id='word_1_137' title='bbox 238 1931 400 1981; x_wconf 91' lang='lat' dir='ltr'>virility.</span> <span class='ocrx_word' id='word_1_138' title='bbox 462 1931 585 1968; x_wconf 88' lang='lat' dir='ltr'>From</span> <span class='ocrx_word' id='word_1_139' title='bbox 607 1930 676 1969; x_wconf 89' lang='lat' dir='ltr'>the</span> <span class='ocrx_word' id='word_1_140' title='bbox 696 1937 882 1969; x_wconf 89' lang='lat' dir='ltr'>moment</span> <span class='ocrx_word' id='word_1_141' title='bbox 895 1929 942 1968; x_wconf 88' lang='lat' dir='ltr'>of</span> <span class='ocrx_word' id='word_1_142' title='bbox 957 1943 1026 1980; x_wconf 93' lang='lat' dir='ltr'>my</span> <span class='ocrx_word' id='word_1_143' title='bbox 1044 1943 1150 1979; x_wconf 83' lang='lat' dir='ltr'>song</span> <span class='ocrx_word' id='word_1_144' title='bbox 1169 1943 1273 1980; x_wconf 83' lang='lat' dir='ltr'>your</span> <span class='ocrx_word' id='word_1_145' title='bbox 1287 1930 1474 1979; x_wconf 86' lang='lat' dir='ltr'>energies</span> <span class='ocrx_word' id='word_1_146' title='bbox 1494 1943 1599 1969; x_wconf 88' lang='lat' dir='ltr'>were</span> <span class='ocrx_word' id='word_1_147' title='bbox 1621 1937 1693 1980; x_wconf 90' lang='lat' dir='ltr'>put</span> <span class='ocrx_word' id='word_1_148' title='bbox 1713 1931 1753 1968; x_wconf 91' lang='lat' dir='ltr'>in</span> <span class='ocrx_word' id='word_1_149' title='bbox 1776 1931 1925 1970; x_wconf 84' lang='lat' dir='ltr'>action.</span> 
     </span>
     <span class='ocr_line' id='line_1_20' title="bbox 117 1995 1925 2046; baseline 0.001 -13"><span class='ocrx_word' id='word_1_150' title='bbox 117 1995 208 2034; x_wconf 88' lang='lat' dir='ltr'>The</span> <span class='ocrx_word' id='word_1_151' title='bbox 230 2008 345 2034; x_wconf 89' lang='lat' dir='ltr'>same</span> <span class='ocrx_word' id='word_1_152' title='bbox 367 1996 560 2034; x_wconf 87' lang='lat' dir='ltr'>stimulus</span> <span class='ocrx_word' id='word_1_153' title='bbox 581 2009 628 2033; x_wconf 89' lang='lat' dir='ltr'>as</span> <span class='ocrx_word' id='word_1_154' title='bbox 648 1996 738 2034; x_wconf 86' lang='lat' dir='ltr'>that</span> <span class='ocrx_word' id='word_1_155' title='bbox 758 1995 856 2034; x_wconf 89' lang='lat' dir='ltr'>with</span> <span class='ocrx_word' id='word_1_156' title='bbox 877 1995 1012 2034; x_wconf 88' lang='lat' dir='ltr'>which</span> <span class='ocrx_word' id='word_1_157' title='bbox 1042 1995 1232 2044; x_wconf 85' lang='lat' dir='ltr'>Orpheus</span> <span class='ocrx_word' id='word_1_158' title='bbox 1255 1995 1396 2034; x_wconf 86' lang='lat' dir='ltr'>stirred</span> <span class='ocrx_word' id='word_1_159' title='bbox 1418 1995 1487 2034; x_wconf 88' lang='lat' dir='ltr'>the</span> <span class='ocrx_word' id='word_1_160' title='bbox 1508 1996 1624 2033; x_wconf 87' lang='lat' dir='ltr'>rocks</span> <span class='ocrx_word' id='word_1_161' title='bbox 1644 1995 1691 2034; x_wconf 91' lang='lat' dir='ltr'>of</span> <span class='ocrx_word' id='word_1_162' title='bbox 1714 1996 1925 2046; x_wconf 90' lang='lat' dir='ltr'>Rhodope,</span> 
     </span>
     <span class='ocr_line' id='line_1_21' title="bbox 119 2062 558 2112; baseline 0 -13"><span class='ocrx_word' id='word_1_163' title='bbox 119 2062 265 2100; x_wconf 88' lang='lat' dir='ltr'>roused</span> <span class='ocrx_word' id='word_1_164' title='bbox 285 2073 388 2112; x_wconf 90' lang='lat' dir='ltr'>your</span> <span class='ocrx_word' id='word_1_165' title='bbox 407 2067 558 2110; x_wconf 90' lang='lat' dir='ltr'>torpor.</span> 
     </span>
    </p>
   </div>
   <div class='ocr_carea' id='block_1_6' title="bbox 840 2207 1202 2249">
    <p class='ocr_par' dir='ltr' id='par_1_7' title="bbox 840 2207 1202 2249">
     <span class='ocr_line' id='line_1_22' title="bbox 840 2207 1202 2249; baseline 0 -12"><span class='ocrx_word' id='word_1_166' title='bbox 840 2209 880 2249; x_wconf 82' lang='lat'>3.</span> <span class='ocrx_word' id='word_1_167' title='bbox 922 2207 1202 2238; x_wconf 90' lang='lat' dir='ltr'>IONSTONUS.</span> 
     </span>
    </p>
   </div>
   <div class='ocr_carea' id='block_1_7' title="bbox 289 2311 1924 2981">
    <p class='ocr_par' dir='ltr' id='par_1_8' title="bbox 289 2311 1924 2981">
     <span class='ocr_line' id='line_1_23' title="bbox 290 2311 1424 2365; baseline 0 -11"><span class='ocrx_word' id='word_1_168' title='bbox 290 2313 376 2354; x_wconf 85' lang='lat' dir='ltr'>Sex</span> <span class='ocrx_word' id='word_1_169' title='bbox 397 2312 477 2354; x_wconf 90' lang='lat' dir='ltr'>tibi</span> <span class='ocrx_word' id='word_1_170' title='bbox 498 2312 721 2354; x_wconf 84' lang='lat' dir='ltr'>fluxerunt</span> <span class='ocrx_word' id='word_1_171' title='bbox 744 2311 883 2354; x_wconf 91' lang='lat' dir='ltr'>sterili</span> <span class='ocrx_word' id='word_1_172' title='bbox 906 2327 1007 2354; x_wconf 92' lang='lat' dir='ltr'>cum</span> <span class='ocrx_word' id='word_1_173' title='bbox 1030 2311 1218 2365; x_wconf 83' lang='lat' dir='ltr'>coniuge</span> <span class='ocrx_word' id='word_1_174' title='bbox 1240 2326 1424 2361; x_wconf 80' lang='lat' dir='ltr'>messeS,</span> 
     </span>
     <span class='ocr_line' id='line_1_24' title="bbox 348 2381 1308 2436; baseline -0.001 -13"><span class='ocrx_word' id='word_1_175' title='bbox 348 2383 664 2436; x_wconf 89' lang='lat' dir='ltr'>Incertumque</span> <span class='ocrx_word' id='word_1_176' title='bbox 687 2381 785 2431; x_wconf 84' lang='lat' dir='ltr'>fuit,</span> <span class='ocrx_word' id='word_1_177' title='bbox 809 2381 975 2423; x_wconf 90' lang='lat' dir='ltr'>femina</span> <span class='ocrx_word' id='word_1_178' title='bbox 998 2396 1154 2423; x_wconf 90' lang='lat' dir='ltr'>masne</span> <span class='ocrx_word' id='word_1_179' title='bbox 1178 2382 1308 2423; x_wconf 90' lang='lat' dir='ltr'>fores.</span> 
     </span>
     <span class='ocr_line' id='line_1_25' title="bbox 291 2450 1518 2507; baseline -0.002 -14"><span class='ocrx_word' id='word_1_180' title='bbox 291 2453 419 2507; x_wconf 83' lang='lat' dir='ltr'>Quod</span> <span class='ocrx_word' id='word_1_181' title='bbox 442 2451 598 2502; x_wconf 84' lang='lat' dir='ltr'>iactas,</span> <span class='ocrx_word' id='word_1_182' title='bbox 622 2451 758 2493; x_wconf 88' lang='lat' dir='ltr'>iacuit</span> <span class='ocrx_word' id='word_1_183' title='bbox 780 2457 877 2492; x_wconf 92' lang='lat' dir='ltr'>tum</span> <span class='ocrx_word' id='word_1_184' title='bbox 901 2465 1080 2505; x_wconf 89' lang='lat' dir='ltr'>prorsus</span> <span class='ocrx_word' id='word_1_185' title='bbox 1103 2450 1260 2492; x_wconf 91' lang='lat' dir='ltr'>inutile</span> <span class='ocrx_word' id='word_1_186' title='bbox 1284 2450 1518 2505; x_wconf 86' lang='lat' dir='ltr'>plectrum,</span> 
     </span>
     <span class='ocr_line' id='line_1_26' title="bbox 348 2521 1280 2575; baseline -0.001 -12"><span class='ocrx_word' id='word_1_187' title='bbox 348 2523 441 2563; x_wconf 93' lang='lat' dir='ltr'>Nec</span> <span class='ocrx_word' id='word_1_188' title='bbox 464 2521 546 2563; x_wconf 88' lang='lat' dir='ltr'>fuit</span> <span class='ocrx_word' id='word_1_189' title='bbox 569 2536 622 2563; x_wconf 83' lang='lat' dir='ltr'>ex</span> <span class='ocrx_word' id='word_1_190' title='bbox 643 2521 718 2563; x_wconf 91' lang='lat' dir='ltr'>illo</span> <span class='ocrx_word' id='word_1_191' title='bbox 741 2528 939 2575; x_wconf 86' lang='lat' dir='ltr'>tempore</span> <span class='ocrx_word' id='word_1_192' title='bbox 962 2527 1085 2562; x_wconf 89' lang='lat' dir='ltr'>mota</span> <span class='ocrx_word' id='word_1_193' title='bbox 1112 2522 1280 2562; x_wconf 68' lang='lat' dir='ltr'>Venus</span> 
     </span>
     <span class='ocr_line' id='line_1_27' title="bbox 291 2590 1499 2646; baseline -0.002 -12"><span class='ocrx_word' id='word_1_194' title='bbox 291 2593 353 2634; x_wconf 90' lang='lat' dir='ltr'>Ut</span> <span class='ocrx_word' id='word_1_195' title='bbox 377 2591 532 2642; x_wconf 88' lang='lat' dir='ltr'>cecini,</span> <span class='ocrx_word' id='word_1_196' title='bbox 557 2592 700 2646; x_wconf 86' lang='lat' dir='ltr'>coepit</span> <span class='ocrx_word' id='word_1_197' title='bbox 723 2592 1030 2646; x_wconf 85' lang='lat' dir='ltr'>plectrumque</span> <span class='ocrx_word' id='word_1_198' title='bbox 1054 2592 1296 2645; x_wconf 90' lang='lat' dir='ltr'>Venusque</span> <span class='ocrx_word' id='word_1_199' title='bbox 1319 2590 1499 2639; x_wconf 90' lang='lat' dir='ltr'>moveri,</span> 
     </span>
     <span class='ocr_line' id='line_1_28' title="bbox 347 2661 1173 2703; baseline -0.001 -1"><span class='ocrx_word' id='word_1_200' title='bbox 347 2661 526 2702; x_wconf 88' lang='lat' dir='ltr'>Scilicet</span> <span class='ocrx_word' id='word_1_201' title='bbox 549 2663 604 2703; x_wconf 86' lang='lat' dir='ltr'>ad</span> <span class='ocrx_word' id='word_1_202' title='bbox 627 2668 787 2703; x_wconf 85' lang='lat' dir='ltr'>cantus</span> <span class='ocrx_word' id='word_1_203' title='bbox 813 2661 1008 2703; x_wconf 86' lang='lat' dir='ltr'>officiosa</span> <span class='ocrx_word' id='word_1_204' title='bbox 1035 2675 1173 2703; x_wconf 91' lang='lat' dir='ltr'>meos.</span> 
     </span>
     <span class='ocr_line' id='line_1_29' title="bbox 289 2729 1479 2786; baseline -0.002 -14"><span class='ocrx_word' id='word_1_205' title='bbox 289 2732 414 2786; x_wconf 82' lang='lat' dir='ltr'>Quae</span> <span class='ocrx_word' id='word_1_206' title='bbox 436 2731 517 2773; x_wconf 91' lang='lat' dir='ltr'>tibi</span> <span class='ocrx_word' id='word_1_207' title='bbox 541 2745 660 2773; x_wconf 90' lang='lat' dir='ltr'>nunc</span> <span class='ocrx_word' id='word_1_208' title='bbox 683 2731 878 2781; x_wconf 86' lang='lat' dir='ltr'>sordent,</span> <span class='ocrx_word' id='word_1_209' title='bbox 903 2737 1119 2772; x_wconf 89' lang='lat' dir='ltr'>acuerunt</span> <span class='ocrx_word' id='word_1_210' title='bbox 1143 2730 1341 2772; x_wconf 86' lang='lat' dir='ltr'>carmina</span> <span class='ocrx_word' id='word_1_211' title='bbox 1363 2729 1479 2771; x_wconf 90' lang='lat' dir='ltr'>vires</span> 
     </span>
     <span class='ocr_line' id='line_1_30' title="bbox 348 2800 1388 2851; baseline -0.002 -9"><span class='ocrx_word' id='word_1_212' title='bbox 348 2800 570 2851; x_wconf 88' lang='lat' dir='ltr'>Pectinis;</span> <span class='ocrx_word' id='word_1_213' title='bbox 604 2801 673 2843; x_wconf 83' lang='lat' dir='ltr'>his</span> <span class='ocrx_word' id='word_1_214' title='bbox 694 2807 800 2842; x_wconf 84' lang='lat' dir='ltr'>tuus</span> <span class='ocrx_word' id='word_1_215' title='bbox 823 2807 889 2842; x_wconf 84' lang='lat' dir='ltr'>est</span> <span class='ocrx_word' id='word_1_216' title='bbox 913 2800 1227 2842; x_wconf 86' lang='lat' dir='ltr'>exstimulatus</span> <span class='ocrx_word' id='word_1_217' title='bbox 1249 2814 1388 2842; x_wconf 86' lang='lat' dir='ltr'>amor.</span> 
     </span>
     <span class='ocr_line' id='line_1_31' title="bbox 289 2869 1374 2924; baseline -0.003 -12"><span class='ocrx_word' id='word_1_218' title='bbox 289 2872 407 2913; x_wconf 84' lang='lat' dir='ltr'>Saxa</span> <span class='ocrx_word' id='word_1_219' title='bbox 430 2870 591 2924; x_wconf 88' lang='lat' dir='ltr'>quibus</span> <span class='ocrx_word' id='word_1_220' title='bbox 613 2877 738 2912; x_wconf 87' lang='lat' dir='ltr'>vates</span> <span class='ocrx_word' id='word_1_221' title='bbox 760 2869 893 2911; x_wconf 82' lang='lat' dir='ltr'>traxit</span> <span class='ocrx_word' id='word_1_222' title='bbox 924 2869 1199 2923; x_wconf 88' lang='lat' dir='ltr'>Rhodopeia,</span> <span class='ocrx_word' id='word_1_223' title='bbox 1223 2875 1374 2922; x_wconf 87' lang='lat' dir='ltr'>torpor</span> 
     </span>
     <span class='ocr_line' id='line_1_32' title="bbox 348 2939 1924 2981; baseline -0.001 -1"><span class='ocrx_word' id='word_1_224' title='bbox 348 2940 434 2980; x_wconf 88' lang='lat' dir='ltr'>His</span> <span class='ocrx_word' id='word_1_225' title='bbox 457 2947 560 2981; x_wconf 85' lang='lat' dir='ltr'>tuus</span> <span class='ocrx_word' id='word_1_226' title='bbox 584 2939 729 2981; x_wconf 86' lang='lat' dir='ltr'>illiciis</span> <span class='ocrx_word' id='word_1_227' title='bbox 752 2939 1062 2980; x_wconf 86' lang='lat' dir='ltr'>sollicitandus</span> <span class='ocrx_word' id='word_1_228' title='bbox 1088 2946 1197 2980; x_wconf 89' lang='lat' dir='ltr'>erat.</span> <span class='ocrx_word' id='word_1_229' title='bbox 1870 2950 1924 2978; x_wconf 88' lang='lat'>20</span> 
     </span>
    </p>
   </div>
  </div>
 </body>
</html>
