2228 3372
304 298 384 326 212
892 289 1106 319 PARERGA
1140 275 1511 325 (SUPPLEMENT).

478 398 553 440 Nil
575 397 755 445 ferulae,
780 394 840 436 nil
865 395 1017 435 dextra
1040 391 1162 432 iuvat
1185 389 1370 444 plagosa
1392 387 1611 442 magistri,

537 468 620 508 Pro
642 465 807 520 pudor!
842 463 915 504 ille
939 475 1045 503 suae
1069 458 1272 513 coniugis
1295 472 1420 500 arma
1444 457 1588 498 timet.

479 539 612 579 Stant
636 535 801 577 circum
825 532 1034 580 famulae,
1058 535 1180 571 tenet
1203 529 1326 578 haec,
1347 527 1487 569 trahit
1511 527 1600 576 illa,
1625 526 1836 581 supinum

539 607 648 647 Pars
670 603 845 658 premit,
870 602 1055 643 hamato
1077 613 1181 653 pars
1204 604 1327 639 secat
1350 611 1500 651 ungue
1523 611 1675 651 genas.

479 674 630 716 Turba
652 673 801 714 furens
824 684 943 712 nunc
967 683 1074 710 saxa
1096 673 1228 717 rotat,
1253 681 1371 708 nunc
1393 666 1617 720 fragmina
1639 665 1753 715 vitri,

539 742 700 785 Saucia
722 755 839 782 nunc
861 739 985 781 vivas
1009 737 1178 792 spargit
1201 737 1247 778 in
1270 751 1346 778 ora
1368 736 1498 778 faces.
2058 745 2114 787 70

480 812 596 854 Tota
617 810 736 852 volat
760 809 927 851 circum
951 806 1159 861 scapulas
1182 806 1482 860 humerosque
1509 804 1734 859 supellex:

539 880 655 936 Quid
677 878 844 921 faciat?
908 876 1065 918 Victas
1087 875 1272 930 porrigit
1295 874 1368 917 ille
1391 889 1564 916 manus.

482 951 574 992 Sub
597 949 700 1003 iuga
723 947 785 989 sic
809 946 988 996 missus,
1014 952 1182 1000 nuptae
1203 944 1270 986 vir
1292 958 1412 985 more
1436 943 1628 985 ministri

540 1017 697 1068 Servit,
720 1024 762 1058 et
786 1016 976 1058 ancillae
1000 1014 1153 1056 munia
1176 1014 1325 1056 iussus
1347 1013 1454 1055 obit.

484 1089 614 1129 Nunc
638 1087 778 1141 agitat
803 1100 958 1136 cunas,
983 1084 1172 1126 nimium
1196 1099 1251 1125 ne
1273 1083 1423 1138 vagiat
1447 1083 1610 1133 infans,

542 1158 673 1198 Nunc
696 1155 830 1206 canit,
856 1162 904 1197 ut
928 1169 1109 1196 somnos
1132 1160 1339 1214 provocet
1363 1160 1458 1195 arte
1481 1153 1612 1194 leves.

486 1228 545 1268 Et
567 1240 742 1267 versare
764 1240 871 1266 veru
894 1224 1030 1265 miser
1051 1230 1094 1265 et
1117 1223 1351 1277 disponere
1375 1237 1555 1264 mensas

543 1295 742 1349 Cogitur,
767 1301 810 1335 et
832 1284 996 1348 tepidis
1020 1293 1181 1335 addere
1203 1292 1325 1347 ligna
1347 1291 1468 1333 focis.

485 1364 694 1419 Vapulat,
721 1363 845 1405 uxori
869 1362 1045 1417 quoties
1067 1361 1136 1403 vel
1159 1361 1266 1403 trita
1290 1362 1484 1411 lacerna,

544 1434 626 1475 Vel
651 1434 789 1475 cadus
812 1440 879 1474 est
902 1447 1086 1482 vacuus,
1110 1431 1179 1473 vel
1203 1431 1298 1472 sine
1320 1431 1434 1473 farre
1458 1445 1608 1485 penus.
2067 1430 2122 1471 80

488 1503 571 1544 Illa
594 1509 743 1544 cutem
768 1516 944 1551 curans,
966 1502 1041 1542 dat
1066 1515 1224 1542 somno
1246 1506 1450 1554 tempora
1473 1499 1600 1550 lueis,

545 1570 702 1613 Stertit
725 1577 767 1611 et
791 1570 1001 1611 hesterno
1025 1568 1316 1623 semisepulta
1340 1583 1471 1610 mero.

490 1641 623 1682 Mane
647 1654 776 1689 novo,
801 1639 944 1693 pictos
966 1638 1130 1692 promit
1154 1639 1207 1679 de
1230 1637 1389 1692 pyxide
1411 1637 1578 1687 vultus,

547 1710 606 1750 Et
630 1708 783 1749 niveas
807 1707 971 1763 Cypria
994 1713 1210 1761 purpurat
1234 1713 1328 1747 arte
1351 1721 1499 1760 genas.

490 1779 632 1831 Saepe
657 1791 830 1818 comam
855 1776 1048 1825 varians,
1074 1790 1192 1817 nunc
1215 1775 1346 1825 hanc,
1371 1790 1489 1816 nunc
1513 1774 1658 1816 induit
1685 1774 1835 1824 illam3

549 1847 608 1887 Et
632 1845 758 1899 nigra
781 1859 899 1886 nunc
923 1843 1074 1892 vestis,
1097 1858 1215 1885 nune
1238 1843 1383 1898 placet
1408 1858 1549 1897 aequa
1572 1843 1673 1885 nivi.

492 1916 594 1956 Non
617 1921 682 1955 tot
706 1914 750 1954 in
774 1914 942 1968 effigies
965 1913 1073 1955 abiit
1097 1912 1233 1954 maris
1258 1913 1403 1954 incola
1428 1914 1615 1955 Proteus

551 1984 645 2025 Nec
668 1983 782 2024 male
806 1982 1055 2024 constantis
1079 1996 1154 2023 rex
1176 1982 1401 2023 Achelous
1424 1997 1576 2036 aquae.

493 2054 587 2094 Nec
609 2053 769 2094 faciem
793 2052 927 2093 toties
950 2058 1095 2093 mutat
1120 2066 1244 2093 soror
1266 2066 1400 2093 aurea
1429 2052 1609 2102 Phoebi,

552 2121 726 2164 Certior
748 2128 790 2163 et
814 2122 975 2176 polypo
999 2121 1192 2162 creditur
1214 2136 1310 2162 esse
1334 2120 1463 2162 color.
2075 2134 2130 2175 90

494 2191 676 2233 Artibus
699 2191 769 2232 his
791 2190 912 2232 omni
935 2190 1096 2232 coniux
1119 2190 1377 2245 emungitur
1399 2205 1518 2240 auro,

554 2260 638 2302 Vix
661 2266 863 2314 superest
887 2259 1049 2301 misero
1072 2259 1343 2302 bibliotheca
1370 2260 1478 2302 seni.

498 2331 592 2372 Nec
617 2331 774 2371 modus
797 2336 864 2371 est
888 2329 1076 2380 damnis,
1103 2329 1139 2370 si
1163 2329 1233 2371 cui
1255 2329 1451 2371 formosa
1473 2329 1636 2372 marita
1658 2336 1740 2380 est,

556 2401 671 2442 Sunt
695 2414 795 2440 cum
819 2398 1042 2440 sexcentis
1064 2398 1180 2441 bella
1201 2400 1395 2453 gerenda
1418 2399 1575 2453 procis.

499 2469 560 2519 Si,
585 2483 718 2523 quam
742 2483 873 2510 nemo
895 2474 1033 2522 roget,
1058 2467 1202 2523 turpis
1224 2468 1313 2509 fors
1339 2468 1518 2510 ducitur
1547 2483 1668 2517 uxor,

557 2539 704 2594 Quam
727 2552 860 2592 grave
884 2537 1165 2591 supplicium,
1186 2536 1334 2579 taedia
1357 2543 1526 2592 quanta
1548 2537 1663 2592 parit
1686 2537 1693 2578 ἒ

463 2749 515 2780 75.
544 2740 688 2779 Curias]
744 2739 872 2780 Nearly
895 2745 1156 2780 contemporary
1179 2749 1250 2770 was
1273 2740 1331 2771 the
1355 2749 1434 2772 case
1458 2740 1497 2772 of
1525 2740 1673 2772 Richard
1699 2740 1850 2778 Hooker,
1876 2740 2050 2782 “rocking
2072 2740 2130 2772 the

327 2794 439 2825 cradle
450 2795 468 2808 ’‘
492 2794 593 2825 while
609 2794 812 2835 composing
828 2794 885 2826 the
904 2793 1159 2825 Ecclesiastical
1178 2795 1289 2835 Polity
1306 2795 1492 2835 (Walton's
1508 2796 1636 2836 Lives).

465 2851 515 2888 85.
545 2849 686 2889 Induit.]
731 2849 806 2880 The
822 2855 892 2880 text
908 2849 972 2880 has
989 2852 1009 2866 ‘⁴
1021 2849 1172 2887 indicit,”
1189 2850 1254 2881 bad
1275 2850 1307 2881 in
1332 2861 1432 2882 sense
1449 2850 1516 2882 and
1532 2857 1649 2882 mette.
1698 2855 1718 2868 ‘⁶
1732 2850 1845 2882 Induit
1856 2852 1875 2865 '⁷
1893 2856 1984 2882 must
1999 2850 2041 2882 be
2057 2849 2139 2882 read

328 2904 471 2937 instead.
