2228 3372
938 310 1190 340 EPIGRAMS.
1912 304 1966 356 69

218 1074 367 1115 XCII.
402 1074 484 1114 AD
519 1073 797 1116 THOMAM
836 1075 1168 1123 HOPAEUM,
1203 1075 1596 1118 ADVOCATUM
1636 1077 1908 1120 REGIUM.

338 1234 533 1276 Maxime
559 1234 911 1288 Phoebigenum,
937 1234 1087 1285 magni
1111 1235 1208 1276 laus
1232 1234 1374 1289 prima
1403 1237 1610 1285 Senatus,

394 1305 526 1346 Lima
549 1304 643 1354 fori,
668 1304 812 1346 titulis
836 1303 990 1354 maior,
1019 1306 1218 1358 Hopaee‚
1243 1305 1400 1346 tribus.

338 1374 479 1428 Regia
501 1377 605 1416 durn
630 1388 773 1421 curas,
798 1373 1016 1415 famulum
1040 1388 1214 1427 quoque
1237 1381 1418 1427 protege
1449 1374 1598 1428 Regis,

394 1443 573 1486 Credita
597 1443 666 1485 cui
693 1442 875 1484 Domini
899 1442 990 1483 vita
1014 1441 1224 1496 salusque
1247 1442 1310 1484 tui
1335 1449 1417 1484 est.

337 1514 517 1568 Lyncea
540 1526 681 1562 mens,
707 1511 860 1565 lingua
883 1517 950 1552 est
983 1510 1062 1552 tibi
1086 1517 1263 1552 nectare
1287 1511 1456 1553 dulcior
1478 1511 1613 1561 omni,

396 1583 519 1624 Labe
542 1596 699 1623 carens
721 1587 891 1635 pectus,
921 1580 1245 1634 candidiusque
1272 1581 1386 1622 nive.

338 1652 389 1691 In
413 1651 539 1692 vultu
564 1650 785 1700 Charites,
810 1664 910 1704 spes
934 1656 999 1691 est
1027 1649 1071 1690 in
1099 1649 1291 1699 nomine,
1317 1651 1444 1691 dotes

394 1721 517 1775 Quas
540 1719 614 1762 alii
639 1734 830 1773 sparsas,
856 1725 903 1760 tu
928 1718 1060 1759 simul
1084 1733 1199 1760 unus
1223 1719 1375 1760 habes.

336 1792 504 1832 Exsere
525 1789 727 1839 virtutes,
753 1803 1008 1830 mensuram
1033 1788 1228 1830 nominis
1254 1788 1460 1842 implens,

395 1861 455 1901 Et
477 1866 522 1901 te
546 1860 761 1900 Ionstono
784 1864 978 1913 quantus
1001 1872 1063 1908 eS,
1087 1872 1184 1900 esse
1211 1858 1362 1912 proba.
1922 1872 1973 1899 10

324 2026 351 2046 1.
379 2014 664 2056 Phoebigenum.]
709 2013 862 2045 Thomas
889 2014 990 2055 Hope
1019 2013 1046 2044 is
1074 2013 1224 2045 credited
1247 2013 1330 2044 with
1354 2024 1374 2045 a
1400 2013 1500 2045 Latin
1525 2013 1659 2045 version
1683 2014 1722 2045 os
1744 2013 1855 2044 Psalm
1881 2014 1971 2045 CIV.

163 2070 341 2113 (Lauder's
358 2071 476 2101 Musae
494 2071 630 2106 Sacrae,
649 2080 680 2111 p.
701 2069 787 2100 xxvi,
806 2079 883 2110 pars
901 2069 1032 2108 altera).

321 2138 351 2165 4.
378 2124 541 2166 Credita]
586 2125 658 2161 I.c.‚
677 2134 714 2155 as
731 2124 841 2164 king's
859 2123 1049 2164 physician.

322 2191 352 2221 7.
379 2181 493 2221 Spes.]
536 2179 628 2220 John
655 2178 768 2210 Leech
793 2178 1025 2218 (Leochaeus)
1050 2178 1143 2220 rings
1168 2178 1226 2209 the
1250 2178 1402 2219 changes
1426 2188 1470 2209 on
1498 2178 1565 2209 this
1590 2188 1690 2210 name
1717 2179 1835 2219 [Spes]
1860 2178 1892 2208 in
1918 2177 1970 2208 his

164 2246 281 2277 poems
298 2234 449 2276 (Edinb.,
470 2234 564 2276 1617)
583 2233 762 2265 dedicated
778 2239 814 2265 to
833 2233 985 2265 Thomas
1005 2234 1118 2274 Hope.
