2228 3372
732 301 946 331 PARERGA
981 291 1349 343 (SUPPLEMENT).
1860 306 1940 334 211

309 405 450 446 Antra
473 404 625 446 colunt
650 405 808 447 Musae
833 405 1021 455 steriles,
1047 405 1142 447 sine
1165 404 1368 460 coniugis
1391 419 1489 455 usu,

366 474 426 514 Et
449 473 594 514 rident
617 473 741 528 pueri
765 474 855 516 tela
876 474 1085 529 facesque
1110 474 1206 516 Dei.

309 542 482 596 Impius
504 542 574 584 his
595 543 806 584 technam
830 543 970 585 fertur
991 544 1206 586 struxisse
1235 545 1478 599 Pyreneus,

366 613 601 656 Clauserat
625 621 668 655 et
692 613 853 668 cupida
874 621 994 656 tecta
1018 614 1171 656 dolosa
1197 628 1349 656 manu.

307 680 411 723 Vim
434 681 586 734 fugere
608 688 761 723 tamen
786 682 978 736 sumptis
1003 681 1292 723 Heliconides
1314 681 1413 732 alis,

366 751 558 805 Unaque
581 751 785 792 servandi
809 765 915 793 cura
936 751 1118 805 pudoris
1140 758 1247 793 erat.

308 820 409 861 Hoc
432 821 558 861 decet
581 819 783 874 exemplo
806 835 952 862 mores
975 835 1242 875 componere
1263 820 1409 875 gentis

366 890 509 944 Quem
533 889 656 931 iuvat
679 889 849 931 Aoniae
872 896 1031 931 sancta
1055 891 1204 945 Lycea
1227 890 1366 944 sequi.

307 957 483 1008 Libera,
507 958 543 999 si
567 958 727 1008 nescis,
752 973 862 1012 gens
885 965 951 999 est
980 959 1231 1008 Heliconia,
1256 966 1385 1012 turpe
1412 965 1478 999 est

364 1027 526 1069 Libera
549 1027 696 1069 servili
720 1028 907 1069 subdere
931 1028 1044 1069 colla
1067 1028 1186 1082 iugo.
1883 1039 1940 1080 40

304 1095 455 1150 Turpe
477 1097 597 1138 faces
620 1097 809 1138 Veneris
834 1097 1002 1138 Phoebi
1025 1111 1298 1151 praeponere
1328 1095 1537 1146 flammis,

364 1166 553 1207 Credere
575 1166 644 1207 vel
667 1180 799 1207 caeco
822 1166 954 1207 corda
977 1167 1171 1219 regenda
1196 1167 1308 1207 Deo.

306 1235 450 1277 Dulce
473 1236 651 1290 quidem
675 1243 742 1277 est
765 1243 930 1277 teretes
954 1236 1192 1291 Nymphae
1218 1243 1413 1277 tractare
1444 1235 1649 1289 papillas,

363 1307 422 1347 Et
446 1307 550 1347 dare
573 1306 808 1360 purpureis
832 1305 956 1347 basia
979 1320 1132 1359 pressa
1155 1305 1305 1347 labris.

306 1375 463 1417 Dulcis
486 1384 528 1417 et
552 1382 619 1417 est
642 1376 788 1430 proles
811 1375 968 1416 matris
992 1376 1097 1416 dum
1121 1375 1233 1416 ludit
1257 1375 1301 1415 in
1325 1374 1456 1424 ulnis,

362 1446 597 1499 Verbaque
620 1445 691 1486 vix
714 1444 837 1486 novit
861 1444 1094 1485 dimidiata
1117 1444 1250 1497 loqui.

304 1515 391 1556 Sed
414 1515 533 1556 mala
556 1515 695 1556 mixta
718 1514 845 1556 bonis
867 1521 910 1555 et
934 1514 1051 1555 dulci
1074 1514 1222 1554 toxica
1245 1512 1378 1563 melli,

362 1585 610 1638 Iunctaque
633 1584 803 1626 deliciis
825 1584 974 1625 taedia
997 1583 1118 1624 mille
1144 1583 1281 1624 vides.

305 1655 423 1709 Quot
447 1668 547 1695 mea
569 1668 673 1695 rura
694 1653 821 1703 favis,
846 1660 925 1694 tua
948 1659 1054 1706 quot
1078 1660 1184 1693 sunt
1206 1652 1295 1693 feta
1319 1650 1527 1700 metallis,

360 1722 447 1763 Tot
471 1723 604 1772 mala,
630 1723 758 1764 crede
781 1722 905 1771 mihi,
929 1722 1063 1762 taeda
1085 1721 1246 1775 iugalis
1274 1721 1417 1761 habet.
1885 1730 1938 1771 50

302 1792 425 1833 Luce
447 1791 694 1844 fatigantur
715 1791 874 1832 studiis
900 1790 1134 1832 Heliconis
1161 1790 1344 1838 alumni,

361 1863 519 1912 Nocte,
544 1876 680 1911 soror,
702 1862 844 1903 fessos
867 1862 923 1902 ad
945 1868 1023 1902 tua
1047 1875 1173 1902 sacra
1195 1860 1352 1901 trahis.

263 1925 270 1929 ’
303 1931 408 1974 Odit
432 1932 734 1979 Aristotelem,
758 1930 926 1986 Stygiis
950 1927 1124 1984 quoque
1151 1931 1336 1971 devovet
1365 1929 1532 1970 umbris

361 2002 516 2056 Nupta
539 2016 694 2042 recens
719 2001 950 2042 Phoebum
977 1999 1233 2053 Pieriosque
1257 1999 1396 2040 lacus.

303 2072 434 2112 Nunc
459 2072 617 2112 Musas
640 2071 795 2125 inopes
819 2070 1033 2124 queritur,
1059 2083 1178 2110 nunc
1203 2069 1388 2110 Pallada
1414 2068 1590 2109 tristem

361 2140 522 2182 Miscet
544 2148 587 2182 et
610 2140 807 2194 indignis
829 2139 973 2194 iurgia
996 2154 1129 2193 saepe
1153 2139 1300 2180 minis.

304 2210 427 2252 Mille
451 2210 586 2252 libros
609 2211 726 2252 inter
748 2212 853 2252 dum
877 2210 1006 2264 friget
1030 2217 1072 2251 et
1097 2209 1234 2251 esurit
1262 2223 1384 2258 uxor,

360 2280 397 2322 O
421 2279 536 2329 felix,
559 2294 693 2333 quam
717 2280 784 2321 vir
806 2279 930 2320 duxit
954 2278 1156 2333 agrestis,
1179 2278 1241 2319 ait
1261 2278 1267 2318 !

302 2350 417 2390 Sunt
440 2348 503 2389 illi
527 2356 703 2403 segetes
726 2355 768 2390 et
794 2354 1005 2402 spumant
1029 2347 1148 2389 dolia
1175 2354 1338 2396 musto,

360 2419 464 2461 Una
487 2433 610 2460 meos
631 2419 786 2472 implet
810 2418 1081 2460 bibliotheca
1104 2417 1229 2459 lares.
1882 2414 1936 2454 60

303 2488 387 2529 Illa
409 2502 544 2542 pecus
569 2495 789 2536 numerat,
815 2488 934 2528 solas
957 2501 1038 2541 ego
1061 2493 1272 2540 computo
1295 2486 1488 2533 chartas,

358 2556 438 2597 Vir
459 2571 586 2598 meus
609 2556 691 2598 has
714 2570 826 2597 unas
848 2555 1150 2597 accumulavit
1178 2568 1298 2608 opes.

301 2626 374 2668 Sic
397 2626 598 2680 queritur
619 2625 793 2675 coniux,
819 2625 982 2667 barbae
1005 2639 1108 2665 mox
1129 2623 1271 2665 iniicit
1295 2637 1483 2677 ungueS‚

356 2694 527 2737 Tundit
550 2701 593 2736 et
617 2693 746 2736 enodi
770 2693 974 2748 coniugis
995 2707 1072 2734 ora
1094 2692 1202 2734 colo.

263 2829 314 2860 33.
344 2819 546 2860 Pyreneus]
593 2819 696 2850 Some
708 2818 796 2861 fiery
815 2823 930 2859 tyrant
948 2816 1055 2859 (vr-L‘pds
1071 2816 1157 2858 πῦρ).
1205 2815 1280 2847 The
1304 2815 1478 2846 character
1502 2823 1613 2845 seems
1638 2823 1680 2844 an
1705 2811 1880 2843 invention
1905 2811 1945 2842 of

126 2873 339 2914 Johnston's.

261 2938 312 2969 42.
341 2930 455 2961 Caeco
474 2929 574 2968 Deo.]
621 2927 743 2968 Cupid,
761 2937 799 2960 as
816 2926 889 2958 said
905 2933 940 2959 to
957 2926 998 2958 be
1015 2925 1120 2958 blind.
