2228 3372
767 294 981 324 PARERGA
1016 284 1386 337 (SUPPLEMENT).
1897 301 1977 339 231

351 397 438 438 Sed
461 411 604 451 neque
627 397 901 440 molliculam
921 398 990 441 vel
1013 398 1181 453 pictam
1210 399 1378 441 murice
1404 399 1566 454 pellem

410 466 648 515 Praedico;
683 467 781 508 laus
804 467 904 509 aliis
927 468 1133 510 convenit
1157 469 1232 510 illa
1254 469 1373 510 feris.
1932 485 1984 512 10

351 535 476 589 Quae
500 535 609 576 mihi
633 550 738 588 prae
761 536 942 589 reliquis
965 537 1186 579 concessit
1211 537 1422 592 Iuppiter,
1445 537 1575 579 audi:

408 604 531 645 Adde
555 604 687 645 fidem
712 604 855 655 dictis,
881 620 970 646 non
993 621 1075 659 ego
1101 607 1206 648 ficta
1233 607 1404 660 loquar.

351 672 554 714 Mascula
576 687 646 714 me
668 673 809 714 virtus
832 676 1118 716 commendat
1142 681 1185 716 et
1208 675 1366 729 igneus
1389 677 1544 717 ardor:

407 741 547 783 Crede
571 741 694 791 mihi,
718 742 828 783 feles
853 743 1016 784 Martia
1039 745 1170 785 turba
1193 759 1365 786 sumus.

348 810 496 852 Torva
519 810 627 851 mihi
650 811 772 852 frons
795 819 873 859 est,
897 813 1043 854 cervix
1064 813 1235 863 villosa,
1260 813 1413 868 pyropi

408 881 522 921 Sunt
547 880 661 921 oculi
685 881 879 922 flammis
903 882 1210 942 sideribusque
1233 897 1378 937 pares.

350 948 437 990 His
459 963 586 1002 regor
607 949 652 989 in
675 951 885 1000 tenebris,
911 957 953 992 et
977 965 1143 1005 opacae
1166 951 1310 993 noctis
1333 951 1377 993 in
1405 953 1576 1002 umbra,

405 1017 537 1059 Solus
561 1019 896 1072 quadrupedum
921 1020 973 1060 de
996 1034 1143 1073 grege,
1169 1020 1267 1061 luce
1289 1021 1419 1061 fruor.

349 1089 439 1130 Ora
462 1087 605 1142 rigent
630 1088 752 1137 setiS,
779 1089 930 1130 creber
952 1089 1152 1143 linguam
1178 1096 1355 1144 asperat
1379 1089 1558 1139 imbrex,

404 1156 561 1197 Acrius
584 1156 667 1198 hac
692 1157 875 1198 mordax
898 1158 1051 1199 radere
1075 1158 1181 1199 lima
1204 1158 1374 1212 nequit.
1927 1172 1982 1200 20

346 1227 430 1267 Pes
453 1226 571 1267 celer
592 1232 674 1275 est,
701 1241 873 1280 ungues
896 1226 1038 1280 rigidi,
1064 1227 1323 1281 stimulique
1347 1227 1560 1277 minaces,

404 1295 623 1350 Qualibus
646 1295 809 1336 armari
832 1301 896 1345 tu,
921 1295 1105 1349 paliure,
1127 1296 1258 1337 soles.

346 1366 444 1406 Hos
467 1379 548 1419 ego
571 1379 690 1406 nunc
715 1365 900 1419 stringo,
925 1380 1043 1407 nunc
1068 1366 1277 1407 mollibus
1300 1366 1454 1407 occulo
1477 1365 1633 1414 thecis,

404 1434 501 1475 Bile
529 1434 681 1476 calens
704 1435 838 1483 nudo,
864 1449 966 1475 curn
990 1434 1108 1475 cadit
1133 1434 1209 1484 ira,
1232 1442 1350 1487 tego.

344 1504 467 1544 Adde
491 1503 619 1544 iubas
642 1502 771 1552 collo,
797 1504 852 1544 da
876 1502 1039 1544 molem
1062 1503 1252 1544 fortibus
1278 1502 1440 1543 armis:

403 1574 508 1613 Mox
530 1572 598 1614 leo
622 1573 850 1622 censebor,
876 1572 949 1625 qui
974 1573 1105 1613 modo
1128 1572 1224 1612 felis
1243 1586 1378 1613 eram.

345 1642 530 1696 Effigies
553 1656 634 1696 ego
658 1656 757 1683 sum
781 1643 942 1683 saltem
967 1656 1182 1695 germana
1206 1641 1362 1690 leonis,

402 1711 529 1752 Illius
552 1717 595 1753 et
621 1725 767 1752 mores
790 1711 1110 1765 ingeniumque
1139 1725 1309 1764 sequor.

343 1781 487 1822 Omne
512 1780 619 1821 mihi
644 1779 842 1821 studium
866 1786 932 1821 est
956 1781 1160 1821 venando
1184 1793 1395 1833 quaerere
1418 1779 1645 1833 praedam,

401 1850 460 1890 Et
484 1849 606 1890 iuvat
630 1849 674 1889 in
697 1849 901 1890 volucres
925 1848 1177 1890 comminus
1200 1848 1261 1889 ire
1285 1848 1410 1889 feras.
1925 1860 1980 1899 30

342 1907 445 1959 Non
468 1924 621 1960 tamen
645 1918 866 1959 immanes
890 1924 1036 1959 sector
1058 1932 1160 1959 cum
1184 1917 1374 1970 tigribus
1398 1931 1536 1965 ursos,

401 1989 549 2029 Dente
572 2002 653 2029 nec
677 1994 877 2041 agrestes
900 1988 1032 2041 figere
1056 1993 1181 2028 tento
1209 2001 1325 2028 sues.

342 2057 522 2098 Nullius
545 2062 800 2098 armentum
826 2056 1028 2111 populor,
1052 2063 1319 2109 tenerosque
1346 2054 1572 2104 iuvencos,

400 2128 494 2168 Nec
518 2140 617 2167 mea
639 2126 708 2168 vel
731 2132 894 2180 pastor,
916 2125 984 2166 vel
1009 2139 1146 2179 pecus
1168 2139 1244 2166 ora
1267 2124 1411 2165 timet.

343 2195 512 2236 Praeda
535 2194 644 2236 mihi
668 2209 768 2235 mus
791 2195 892 2235 est?
927 2193 1153 2235 interdum
1177 2200 1309 2247 capto
1331 2192 1548 2242 volueres,

400 2263 608 2304 Proxima
631 2277 742 2316 quas
766 2262 933 2304 laribus
956 2262 1068 2311 silva
1089 2261 1157 2304 vel
1181 2261 1338 2302 hortus
1361 2261 1512 2303 habet.

341 2333 402 2384 Si,
427 2348 528 2375 cum
552 2333 680 2387 ponis
703 2346 849 2383 acum,
873 2333 1080 2374 venando
1102 2331 1253 2373 fallere
1276 2338 1455 2385 tempus

396 2402 460 2444 Te
484 2403 618 2452 iuvat,
641 2402 838 2443 hirsutos
861 2416 929 2451 ne,
958 2402 1067 2451 Dea,
1089 2415 1251 2455 quaere
1275 2414 1425 2442 canes.

341 2473 436 2514 Nec
460 2471 563 2525 iuga
580 2478 629 2512 tu
654 2470 856 2524 Grampi,
880 2470 1018 2511 silvas
1041 2484 1122 2511 nec
1146 2469 1274 2523 cinge
1297 2475 1524 2522 paternaS,

397 2541 466 2582 Ah
490 2541 587 2582 loca
609 2540 809 2594 virgineo
832 2554 920 2580 non
944 2540 1150 2580 adeunda
1173 2539 1299 2592 pede.
1923 2547 1976 2587 40

340 2609 526 2652 Rectius
548 2609 618 2650 his
641 2609 794 2650 oculos
818 2614 972 2662 pascat
998 2608 1154 2649 Latois
1177 2608 1395 2656 Amazon,

399 2681 524 2736 Quae
546 2687 625 2722 tua
648 2679 839 2721 delectet
863 2678 1046 2727 lumina,
1068 2679 1232 2732 praeda
1254 2676 1373 2719 domi
1397 2682 1481 2726 est,

303 2917 352 2947 19.
382 2906 541 2946 Imbrex]
586 2906 671 2937 This
688 2904 855 2936 indicates
872 2904 929 2935 the
947 2903 1131 2945 furrowing
1147 2903 1185 2934 of
1197 2903 1254 2934 the
1272 2908 1411 2943 tongue‚
1430 2901 1495 2931 like
1512 2901 1569 2932 the
1587 2901 1685 2942 tiling
1702 2900 1741 2931 os
1753 2910 1772 2930 a
1790 2899 1873 2930 roos.
