2228 3372
358 317 438 359 126
1078 328 1433 359 EPIGRAMMATA.

1101 432 1140 475 8.
1180 443 1404 475 TnAENUS.

527 560 601 601 Nil
626 560 710 601 nisi
733 560 836 602 flere
859 573 1004 601 meam
1029 558 1153 609 dieis,
1181 560 1408 610 Ionstone,
1433 559 1644 613 puellam,

584 630 681 672 Flet
705 644 813 672 sane
835 636 878 671 et
902 629 1055 671 crebro
1077 628 1240 683 proluit
1264 628 1404 670 imbre
1426 643 1579 682 genas.

526 699 674 741 Imber
695 705 739 740 at
763 698 917 740 Aoniis
939 698 1070 752 longe
1092 697 1164 739 hic
1187 697 1296 739 mihi
1319 698 1487 752 gratior
1512 697 1657 748 undis,

583 768 755 823 Quippe
779 782 949 809 merum
972 767 1163 809 fundens
1186 767 1288 817 mel,
1313 765 1550 821 elegosque
1573 781 1733 808 meros,

523 838 590 877 An
614 851 748 891 quam
773 836 829 878 sit
852 836 1000 878 nescis
1023 835 1208 891 Elegeia
1229 836 1375 878 flebile
1403 850 1598 886 carmen,

580 907 705 961 Quae
729 905 878 947 docuit
901 905 1022 947 senis
1043 906 1203 947 addere
1227 904 1420 959 quinque
1447 905 1613 959 pedes?

522 976 590 1016 An
614 975 773 1026 nescis,
798 977 915 1029 quod
938 989 1019 1017 nec
1042 975 1268 1016 Thracum
1291 989 1401 1029 gens
1423 975 1555 1017 effera
1581 974 1757 1017 nescit?

582 1046 700 1086 Nata
723 1044 843 1098 prole
866 1044 1028 1098 quibus
1051 1045 1260 1099 plangere
1284 1044 1420 1086 moris
1442 1051 1550 1086 erat.

524 1116 670 1170 Quam
694 1129 883 1169 praecox
906 1115 1040 1157 huius
1064 1115 1222 1157 Musae
1244 1121 1310 1157 est
1335 1114 1579 1169 sapientia!
1613 1113 1731 1156 vitae

580 1184 791 1240 Auspicia
813 1185 922 1228 haec
945 1186 1153 1236 celebrat,
1179 1200 1265 1240 quo
1289 1185 1552 1227 celebranda
1574 1186 1720 1227 modo.
2106 1197 2159 1226 10

511 1401 542 1432 7.
569 1390 769 1431 Thracum.]
814 1390 919 1422 Their
935 1391 1028 1432 early
1044 1390 1238 1433 pessimism
1255 1391 1283 1422 is
1301 1391 1406 1423 found
1423 1391 1456 1422 in
1476 1391 1615 1431 Herod.,
1635 1391 1677 1422 V.
1695 1402 1725 1431 4.

1085 1693 1126 1734 9.
1158 1689 1417 1731 JOHNsTON.

469 1805 535 1843 No
555 1805 721 1843 wonder
741 1804 775 1842 if
799 1803 952 1843 Tilen’s
973 1804 1175 1853 daughter
1203 1817 1305 1854 pour
1335 1803 1440 1842 forth
1473 1804 1642 1853 Elegiae
1668 1804 1831 1843 strains.
1893 1803 1960 1842 He
1982 1803 2017 1841 is
2037 1803 2158 1848 lame,

352 1870 432 1908 and
454 1882 500 1907 so
521 1870 586 1907 his
607 1870 810 1919 daughter
839 1870 953 1908 loves
983 1883 1006 1907 a
1035 1869 1211 1918 limping
1241 1870 1383 1907 strain.
1446 1869 1622 1918 Strange
1651 1870 1742 1907 that
1771 1869 1840 1907 the
1868 1868 1990 1907 Muse
2011 1867 2159 1906 should

352 1935 444 1973 take
466 1935 628 1974 lessons
650 1935 753 1974 from
776 1935 989 1973 barbarian
1012 1934 1255 1973 Thracians.
1316 1936 1455 1974 Better
1474 1942 1517 1973 to
1538 1936 1585 1974 be
1607 1936 1706 1973 born
1728 1935 1768 1973 in
1785 1934 1917 1986 joyful
1943 1935 2158 1973 surround-

353 1999 460 2049 ings,
484 2000 583 2039 such
605 2013 652 2038 as
674 2000 825 2049 benign
850 2001 993 2040 Venus
1021 2000 1188 2039 blesses.

1075 2219 1115 2260 9.
1157 2215 1434 2247 roNsTONus.

528 2333 629 2374 Non
653 2332 813 2374 mirum
837 2339 904 2374 est
928 2333 1095 2386 Elegos
1118 2332 1153 2373 si
1176 2332 1333 2374 fundat
1357 2338 1463 2374 nata
1486 2331 1632 2374 Tileni
1652 2348 1661 2374 :

586 2403 786 2446 Claudus
808 2403 879 2445 hic
902 2410 984 2453 est,
1009 2403 1216 2445 claudum
1241 2402 1331 2445 filia
1354 2417 1533 2445 carmen
1561 2409 1698 2445 amat.

530 2472 786 2514 Mirandum
809 2479 876 2514 est
899 2472 1100 2514 Thracas
1125 2473 1303 2514 Musam
1327 2472 1492 2514 iactare
1515 2472 1769 2526 magistros,

588 2542 647 2582 Et
672 2556 839 2583 morem
864 2556 889 2583 a
912 2541 1085 2583 stolidis
1108 2541 1276 2582 discere
1298 2541 1410 2583 velle
1438 2541 1581 2583 Getis.

532 2611 756 2652 Barbarus
778 2610 849 2652 hic
872 2625 969 2652 mos
991 2616 1084 2659 est;
1118 2611 1242 2651 decet
1266 2610 1382 2651 inter
1402 2610 1564 2662 gaudia
1591 2609 1728 2659 nasci,
2109 2617 2160 2660 15

589 2680 764 2721 Gaudia
787 2695 897 2734 quos
920 2679 1035 2721 inter
1056 2679 1247 2721 seminat
1270 2680 1389 2721 alma
1416 2681 1584 2721 Venus,

519 2895 567 2916 12.
593 2886 769 2925 claudus]
816 2886 889 2917 The
909 2886 1134 2923 Pentarneter‚
1148 2885 1306 2925 bringing
1322 2896 1366 2926 up
1383 2885 1440 2916 the
1458 2886 1598 2926 Elegiae
1614 2885 1750 2922 distich,
1769 2886 1797 2916 is
1813 2884 1885 2916 said
1903 2885 1935 2915 in
1954 2884 1996 2915 its
2013 2883 2161 2915 cadence

359 2946 395 2971 to
412 2940 452 2971 be
472 2945 490 2957 ‘¹
504 2940 629 2981 lame‚”
648 2941 680 2970 in
698 2941 840 2973 relation
860 2947 894 2971 to
910 2941 967 2971 the
984 2941 1098 2972 march
1116 2941 1154 2971 of
1167 2940 1223 2971 the
1243 2942 1460 2972 Hexameter.
