2228 3372
858 284 1205 314 MISCELLANEA.

210 485 401 527 CLVII,
472 485 689 528 MUSAE
724 486 1079 540 QUERULAE
1119 487 1204 527 DE
1240 488 1432 529 REGIS
1467 489 1531 529 IN
1571 488 1846 531 SCOTIAM

798 566 1268 610 PROFECTIONE.

266 718 304 746 Ι.
366 716 427 745 AD
460 704 711 759 [IA]COBUM
748 717 915 747 HAYUM
952 718 1227 749 ILLUSTREM
1261 720 1514 750 CARLILIAE
1546 721 1783 751 COMITEM.

293 807 438 848 Aurea
462 821 593 861 quern
617 808 795 848 decorat
819 806 962 861 pietas
985 815 1027 850 et
1051 809 1239 851 candida
1261 809 1415 859 virtus,

353 876 711 930 Sanguineisque
735 878 894 918 domus
917 877 1150 920 nobilitate
1173 878 1302 933 iugis,

299 945 443 1000 Haye,
468 959 591 987 meas
614 945 721 987 olim
744 960 895 999 gerras
920 961 1006 1000 qua
1027 946 1174 989 fronte
1197 948 1375 990 solebas

356 1015 455 1055 Hoc
478 1014 623 1064 breve,
648 1015 725 1055 sed
748 1014 914 1068 gemini
938 1029 1064 1056 sume
1088 1015 1263 1057 clientis
1287 1031 1409 1070 opus.

297 1083 392 1124 Rex
414 1090 730 1137 argumentum
754 1090 820 1125 est
840 1099 847 1124 ι
880 1098 1012 1125 nemo
1035 1091 1078 1126 te
1100 1085 1268 1138 gratior
1289 1085 1366 1135 illi,

354 1152 487 1193 Illum
511 1159 555 1194 te
578 1168 710 1194 nemo
734 1153 948 1203 sanctius,
976 1154 1119 1209 Haye,
1145 1154 1265 1196 colit.

786 1245 960 1286 Honori
984 1252 1075 1295 tuo,
1101 1247 1206 1287 dum
1230 1247 1360 1297 vivet,
1383 1248 1700 1291 devotissimus

1262 1342 1491 1383 ARTURus
1526 1343 1813 1386 IONSTONus.

280 1473 310 1495 2.
338 1464 460 1505 Iugis.]
516 1466 590 1501 See,
608 1465 658 1496 for
675 1465 852 1497 armoriaIs
868 1466 908 1497 of
921 1466 1029 1507 Hays,
1049 1466 1114 1499 No.
1137 1467 1265 1500 LVIII.

630 1725 669 1753 2.
718 1722 816 1753 THE
850 1724 1046 1764 QUEENE
1078 1723 1135 1754 TO
1166 1724 1264 1755 THE
1299 1726 1426 1756 KING.

441 1813 533 1852 You
555 1826 632 1863 goe
652 1814 790 1865 (deare
814 1814 944 1864 Love)
965 1820 1007 1852 to
1030 1813 1236 1853 Britaines
1258 1821 1416 1854 utmost
1437 1816 1586 1863 bound,

402 1899 403 1902 =
441 1878 532 1918 The
552 1892 674 1918 cause
695 1878 742 1917 of
755 1892 857 1930 your
878 1880 977 1928 long
997 1892 1087 1930 way
1109 1879 1144 1917 is
1165 1886 1207 1918 to
1228 1880 1276 1918 be
1297 1882 1499 1919 crown'd:

440 1945 608 1994 Among
628 1946 718 1984 cold
739 1945 820 1983 hils
841 1959 864 1983 a
887 1958 1071 1984 summer
1090 1945 1203 1984 there
1222 1947 1345 1996 you’ll
1369 1948 1511 1996 spend,

440 2010 534 2049 And
558 2011 574 2048 Ι
595 2011 770 2050 without
791 2024 871 2061 you
893 2012 987 2050 here
1008 2011 1078 2050 the
1101 2024 1215 2049 same
1236 2018 1348 2050 must
1369 2013 1448 2050 end
1467 2025 1474 2050 :

440 2076 530 2115 One
551 2077 721 2126 peoples
744 2077 913 2125 Empire
933 2076 1030 2114 thus
1051 2076 1132 2114 will
1156 2077 1306 2115 sunder
1324 2077 1438 2115 them

439 2142 599 2181 Whose
621 2142 818 2191 parting’s
840 2156 951 2182 more
972 2142 1070 2181 then
1091 2142 1161 2182 the
1181 2143 1345 2182 world’s
1368 2143 1559 2182 Diadem.

799 2357 839 2385 2.
904 2355 1081 2386 REGINA
1120 2356 1247 2386 REGI.

288 2445 454 2487 Tendis
477 2446 532 2487 ad
555 2452 789 2494 extremos,
812 2459 911 2486 mea
933 2444 1022 2494 lux,
1048 2459 1147 2487 mea
1172 2445 1276 2496 vita,
1302 2445 1557 2496 Britannos,

348 2514 490 2569 Regia
512 2521 604 2556 tam
629 2514 787 2569 longae
810 2529 945 2556 causa
969 2516 1145 2557 Corona
1167 2514 1264 2556 viae
1288 2522 1366 2557 est.

291 2584 363 2625 Me
386 2583 482 2625 sine
503 2589 598 2626 tota
619 2583 699 2626 tibi
722 2583 879 2638 gelidis
902 2584 945 2625 in
970 2583 1197 2626 montibus
1220 2591 1380 2635 aestas,

350 2654 477 2695 Haec
500 2654 653 2695 eadem
678 2653 774 2694 sine
796 2660 840 2695 te
863 2659 959 2694 tota
981 2654 1165 2695 terenda
1188 2653 1297 2694 mihi
1326 2661 1404 2696 est.

293 2723 440 2766 Unius
462 2722 697 2777 imperium
721 2722 873 2778 populi
898 2737 980 2764 nos
1002 2723 1184 2765 dividit:
1219 2723 1337 2765 orbis

347 2793 587 2835 Terrarum
612 2792 725 2834 tanti
751 2807 857 2834 num
885 2792 1106 2834 Diadema
1129 2792 1244 2834 fuit?
