2228 3372
811 266 1084 308 CARPEans’
1119 276 1326 305 GARDEN.

616 509 785 549 LXXI.
833 508 919 548 DE
959 505 1179 549 HORTO
1219 505 1529 547 CARPESII.

342 667 489 707 Pruna
511 666 631 719 leges
654 664 758 706 alibi
780 664 920 706 flavas
942 663 1167 705 imitantia
1189 677 1327 712 ceras,

398 736 458 776 Et
481 749 595 788 quae
617 733 842 776 Thisbaeo
865 748 989 775 mora
1010 747 1164 775 cruore
1187 733 1362 774 rubent.

339 805 553 859 Quaeque
575 803 719 845 solent
743 802 910 844 mensis
933 802 1095 844 servari
1118 816 1251 856 poma
1273 799 1496 849 secundis,

398 874 458 914 Et
481 872 577 926 pira
599 887 701 913 cum
725 871 903 922 cerasis,
928 877 1250 924 castaneasque
1273 884 1424 911 nuces.

339 942 427 983 Hic
444 948 555 999 *tuus
577 942 734 983 hortus
757 941 905 990 habet,
931 940 1130 994 Carpesi‚
1155 938 1307 981 sectile
1329 952 1523 992 porrum,

397 1012 457 1052 Et
479 1010 641 1052 virides
663 1009 848 1059 malvas,
873 1015 1237 1063 prototomosque
1259 1008 1405 1049 rudes.

340 1081 399 1121 Et
422 1094 523 1121 cum
548 1079 737 1128 lactuca,
761 1078 986 1119 fabrorum
1010 1077 1209 1131 prandia,
1234 1077 1373 1126 betas,

396 1149 612 1203 Quodque
635 1147 720 1189 ciet
745 1149 978 1194 Venerem,
1000 1146 1085 1188 vile
1108 1146 1332 1188 ministrat
1356 1145 1468 1187 olus.

339 1217 574 1259 Narcissos
598 1216 669 1258 hic
691 1216 795 1257 flere
818 1217 943 1264 duos,
968 1222 1058 1256 tres
1081 1215 1203 1256 iridis
1226 1229 1370 1264 arcus,

394 1287 599 1341 Quatuor
619 1285 691 1327 hic
714 1284 858 1327 cernis
881 1284 986 1334 lilia,
1013 1284 1206 1338 quinque
1230 1298 1368 1325 rosas.

337 1358 499 1399 Cetera
522 1362 625 1397 sunt
648 1355 815 1404 tribuli,
840 1354 1052 1409 paliurus,
1078 1354 1225 1408 lappa,
1250 1353 1411 1403 cicuta,

394 1427 482 1467 Aut
506 1425 650 1467 urtica
672 1438 850 1473 nocens,
873 1430 949 1465 aut
973 1423 1154 1465 inimica
1176 1422 1282 1464 filix.

340 1497 474 1537 Hunc
497 1494 578 1536 tibi
601 1509 713 1548 quae
736 1500 927 1544 servent,
953 1507 1034 1534 nec
1057 1492 1175 1534 rubri
1198 1492 1288 1533 tela
1313 1491 1477 1545 Priapi,

395 1566 490 1606 Nec
512 1578 688 1618 semper
708 1563 854 1617 vigilis
877 1576 1038 1617 quaere
1062 1561 1266 1604 draconis
1288 1575 1433 1615 opem.

339 1635 512 1676 Hortus
535 1633 607 1675 hic
629 1633 724 1687 ipse
747 1647 828 1674 sua
849 1647 896 1674 se
918 1638 1182 1687 paupertate
1203 1637 1368 1681 tuetur,

397 1705 498 1746 Hac
521 1718 546 1745 a
569 1717 616 1745 se
639 1703 758 1744 fures
780 1702 904 1757 pellit
928 1708 971 1744 et
995 1708 1114 1744 arcet
1138 1716 1256 1743 aves.

891 1888 930 1916 2.
966 1886 1029 1915 DE
1062 1885 1244 1915 EODEM.

338 1988 542 2038 Hortule‚
564 2002 695 2042 quern
719 1987 908 2041 propriis
932 1986 1174 2040 Carpesius
1197 1992 1359 2039 aequat
1382 1985 1548 2035 ocellis,

395 2057 470 2098 Nil
493 2064 536 2099 te
559 2057 812 2111 pauperius,
838 2056 900 2097 nil
924 2056 1072 2097 minus
1095 2055 1213 2097 orbis
1235 2055 1384 2097 habet.

335 2127 400 2169 Te
422 2134 591 2182 tegeret
613 2133 775 2177 totum,
799 2133 928 2168 tanta
950 2132 1016 2168 est
1041 2125 1263 2180 angustia,
1289 2125 1442 2174 cassis,

393 2198 537 2252 Quem
560 2211 674 2251 vaga
695 2197 965 2250 pendentem
989 2197 1042 2237 de
1065 2196 1188 2237 trabe
1211 2209 1366 2236 musca
1388 2194 1532 2235 timet.

335 2265 487 2320 Teque
510 2266 643 2320 pulex
665 2280 753 2307 uno
776 2271 925 2320 posset
949 2264 1254 2306 transmittere
1277 2264 1409 2314 saltu,

394 2336 454 2376 Et
478 2350 592 2389 quae
615 2336 668 2376 de
691 2327 855 2376 mediis¹
871 2348 979 2376 rana
1002 2340 1158 2375 coaxat
1182 2333 1323 2386 aquis.

335 2405 403 2446 Tu
427 2411 568 2459 poteS,
593 2405 875 2446 Automedon
898 2403 1031 2445 citius
1054 2418 1187 2457 quam
1211 2403 1361 2444 flectat
1385 2402 1597 2451 habenas,

392 2474 537 2516 Totus
560 2475 614 2516 ab
636 2474 830 2528 impasto
853 2473 1097 2528 pumilione
1119 2473 1222 2514 fodi.

337 2544 495 2586 Infelix
517 2544 648 2585 olitor
668 2543 837 2598 gremio
859 2543 931 2585 vix
953 2544 1134 2585 mandet
1158 2557 1291 2584 avaro

393 2614 590 2664 Semina,
617 2613 831 2669 Pygmaei
854 2620 960 2667 quot
984 2612 1101 2666 capit
1126 2627 1214 2654 una
1238 2626 1412 2653 manus.

334 2684 463 2739 Quod
486 2683 633 2725 reddis
655 2682 850 2732 domino,
873 2682 945 2724 vix
967 2682 1040 2724 det
1063 2681 1288 2723 ientacula
1311 2680 1440 2730 muri,

392 2753 477 2795 Vix
499 2753 614 2795 levet
638 2752 742 2795 hinc
763 2759 945 2794 tenuem
969 2751 1089 2794 sicea
1110 2751 1264 2793 cicada
1284 2750 1464 2792 famem.

320 2911 349 2934 2.
375 2902 577 2943 Thisbaeo.]
622 2901 706 2933 Also
723 2901 757 2932 in
776 2902 842 2933 No.
866 2901 1059 2933 LXXXVI.
1109 2901 1210 2941 Story
1227 2900 1255 2931 is
1272 2899 1306 2930 in
1324 2897 1422 2938 Ovid,
1443 2899 1540 2935 Met.,
1561 2897 1620 2928 IV.
1642 2907 1712 2939 127.

1925 277 1978 317 39

1925 1296 1977 1324 10

1922 2207 1975 2235 20
