2228 3372
272 303 326 343 62

999 307 1354 339 EPIGRAMMATA.

349 581 632 624 LXXXVII.
685 580 770 620 DE
806 576 1024 620 HORTO
1061 575 1340 618 PATRICII
1379 575 1652 623 BLACKH,
1689 572 2000 615 SARTORIS

1080 658 1280 700 REGII.

450 825 622 865 Hortus
645 821 715 863 hic
739 827 805 863 est
830 819 1000 869 Blacki‚
1027 826 1203 861 montes
1226 819 1339 860 situs
1362 818 1476 860 inter
1498 824 1540 859 et
1564 818 1722 865 undaS‚

505 891 636 934 Orbis
659 897 701 932 et
725 896 923 931 extremo
946 903 1087 943 paene
1111 890 1193 930 sub
1216 903 1296 930 axe
1320 888 1485 929 iacens.

448 961 535 1002 Hic
558 959 831 1014 ferrugineas
854 958 1006 1007 violas,
1032 964 1245 1012 argentea
1268 957 1436 1012 passim

508 1030 595 1071 Hic
618 1029 727 1083 legis
750 1027 987 1070 auricomis
1011 1027 1102 1069 lilia
1126 1027 1264 1068 mixta
1287 1026 1412 1067 rosis.

450 1099 670 1141 Puniceos
693 1097 807 1139 inter
830 1097 967 1151 spirat
991 1096 1217 1138 narcissus
1241 1095 1418 1144 ocellos,

507 1167 690 1209 Muricis
714 1166 758 1207 hi
781 1166 1000 1216 flammas,
1025 1171 1234 1219 provocat
1258 1165 1330 1206 ille
1359 1164 1497 1206 nives.

448 1236 690 1279 Caeruleas
713 1234 904 1289 aquileia
927 1234 1074 1285 virens
1098 1234 1168 1276 hic
1192 1234 1383 1288 explicat
1409 1233 1528 1281 alas3

508 1306 595 1347 Hic
618 1305 699 1346 fios
724 1304 910 1346 Oebalio
933 1303 1148 1357 sanguine
1172 1303 1312 1345 tincte
1336 1303 1483 1344 rubes.

449 1375 550 1417 Sive
573 1388 859 1429 papavereos,
884 1388 962 1414 seu
986 1372 1162 1427 quaeris
1187 1372 1378 1413 Paeonis
1401 1372 1541 1426 ignes,

511 1444 598 1485 Hic
622 1458 723 1485 cum
750 1442 969 1484 Paeoniae
991 1442 1098 1483 flore
1122 1455 1318 1495 papaver
1343 1441 1496 1481 habes.
2035 1449 2086 1477 10

453 1512 540 1554 Hic
565 1512 717 1553 rutilat
741 1511 904 1552 Veneri
929 1511 1154 1564 quondam
1178 1509 1367 1551 dilectus
1391 1508 1574 1557 Adonis,

512 1583 660 1630 Hanc,
688 1580 968 1629 amaranthe,
994 1586 1070 1620 tuo
1094 1578 1259 1619 murice
1282 1577 1428 1632 pingis
1451 1578 1655 1618 humum.

453 1652 547 1691 Nec
571 1651 730 1691 desunt
754 1648 935 1702 tulipae,
961 1662 1041 1689 nec
1065 1647 1185 1688 mille
1209 1646 1429 1688 coloribus
1452 1645 1537 1686 iris.

511 1719 697 1761 Caelum
721 1718 918 1767 imitans,
944 1723 1118 1771 sceptro
1142 1732 1221 1758 nec
1245 1715 1450 1757 diadema
1472 1730 1636 1756 comes.

452 1787 627 1842 Aspicis
650 1794 691 1829 et
716 1794 900 1842 myrtos,
924 1793 966 1827 et
991 1792 1196 1827 amantes
1221 1785 1418 1826 carmina
1442 1785 1604 1833 lauros,

513 1859 636 1899 Inter
657 1864 699 1898 et
723 1857 929 1898 hibernas
958 1856 1179 1898 luxuriare
1207 1870 1344 1897 rosas.

457 1927 544 1968 Hic
566 1927 661 1981 pira
684 1926 799 1967 flava
821 1926 965 1967 nitent
988 1932 1030 1966 et
1054 1925 1202 1966 baccis
1225 1925 1402 1966 caerula
1426 1925 1562 1972 ficus3

515 1995 602 2036 Hic
627 1995 704 2036 lita
727 1994 952 2036 Thisbaeo
976 1993 1194 2048 sanguine
1218 2008 1341 2034 mora
1364 1994 1538 2034 rubent.

459 2065 547 2106 Hic
570 2079 720 2105 roseas
743 2064 859 2104 inter
881 2077 1071 2112 cerasos,
1097 2077 1210 2116 quae
1235 2061 1404 2103 Punica
1431 2061 1578 2110 tellus,

513 2135 726 2188 Quaeque
747 2133 869 2173 ferax
892 2131 1029 2173 mittit
1056 2131 1218 2180 Media,
1242 2145 1376 2185 poma
1398 2130 1533 2171 vides.
2036 2139 2090 2167 20

460 2202 547 2243 Hic
570 2216 728 2243 nemus
751 2200 924 2242 Alcinoi
948 2206 1138 2254 spectas,
1163 2206 1205 2241 et
1230 2199 1445 2240 Adonidis
1472 2199 1639 2247 hortos,

514 2270 736 2326 Quicquid
759 2276 801 2311 et
827 2269 1127 2324 Hesperidum
1153 2268 1336 2323 protulit
1360 2268 1504 2309 almus
1528 2281 1645 2320 ager.

459 2340 608 2383 Stulta
631 2339 710 2382 tibi
734 2339 922 2381 nimium
946 2339 1033 2380 noli
1060 2340 1234 2380 Natura
1255 2338 1430 2392 placere
1452 2354 1460 2378 ε

517 2411 643 2452 Haec
666 2424 751 2460 ars,
776 2415 818 2451 et
842 2408 1009 2451 domini
1033 2408 1219 2450 daedala
1241 2408 1380 2462 pinxit
1404 2422 1526 2449 acus.

448 2581 474 2601 1.
501 2571 640 2600 Montes
657 2569 743 2600 situs
760 2569 876 2609 inter.]
921 2567 1006 2599 This
1030 2577 1141 2599 seems
1164 2573 1200 2598 to
1224 2577 1324 2598 mean
1345 2570 1422 2598 “on
1448 2564 1643 2597 Scotland's
1666 2563 1795 2605 rugged
1819 2560 1969 2599 strand‚”
1994 2570 2033 2592 so
2057 2569 2096 2590 as

286 2632 321 2658 to
338 2625 510 2667 heighten,
531 2625 575 2665 by
590 2630 752 2662 contrast,
771 2623 829 2655 the
845 2624 971 2664 beauty
987 2623 1026 2654 of
1045 2623 1104 2654 the
1121 2628 1182 2654 art.

445 2682 475 2711 8.
501 2679 690 2719 Oebalius]
738 2679 854 2711 Poetic
873 2679 922 2710 sor
940 2683 959 2696 “
974 2678 1156 2720 Spartan,’'
1175 2688 1218 2710 an
1236 2677 1382 2709 allusion
1401 2682 1437 2708 to
1453 2676 1510 2708 the
1528 2682 1621 2716 story
1637 2675 1677 2706 of
1690 2671 1920 2715 Hyacinthus.

428 2744 476 2773 13.
503 2733 675 2774 Tulipae]
721 2735 785 2765 See
802 2733 875 2764 also
894 2733 960 2763 No.
980 2733 1077 2764 LIII.
1099 2741 1125 2764 2.

428 2790 476 2819 18.
502 2788 702 2828 Thisbaeo.]
748 2789 813 2819 See
831 2793 911 2819 note
928 2798 971 2818 on
991 2787 1114 2818 LXXI.
1136 2797 1163 2817 1.
