2228 3372
948 311 1202 342 EPIGRAMS.
1917 317 1971 360 75

165 425 359 467 XCVII.
407 426 493 466 DE
538 424 846 467 DIATRIBA
890 427 1174 470 ROBERTI
1220 428 1486 471 BARONII
1533 431 1591 471 D.
1634 429 1970 474 THEOLOGI

625 506 964 550 ADVERSUS
995 507 1507 553 TRUMBULLIUM.

335 661 516 704 Baronii
540 662 638 705 laus
661 669 765 705 ante
787 663 870 706 fuit
894 678 1021 706 mens
1044 665 1221 716 enthea,
1246 672 1403 720 pectus

392 731 514 773 Labe
536 746 716 782 vacam,
741 732 863 786 puris
886 733 1064 776 aemula
1087 733 1241 788 lingua
1263 734 1391 777 favis.

333 799 465 841 Nunc
488 799 620 842 lauda
642 800 878 850 calamum,
902 801 1016 843 sacri
1039 802 1286 845 certamina
1309 803 1412 845 circi

391 868 511 909 Dum
536 868 636 919 ciet,
660 875 703 910 et
726 869 859 911 limae
882 870 1110 912 nobilioris
1131 886 1258 926 opus.

333 938 507 979 Aureus
530 937 632 980 huic
655 938 774 980 nitor
795 945 876 990 est,
900 939 967 981 vis
990 940 1190 982 fulminis
1213 941 1370 992 instar,
1396 957 1584 984 acumen

392 1006 508 1048 Diva
531 1008 648 1061 quod
671 1007 866 1050 invideat
888 1008 1053 1051 vertice
1076 1015 1183 1052 nata
1209 1010 1343 1052 Iovis.

334 1074 408 1116 Nil
430 1075 548 1116 nitor
569 1075 640 1118 hic
663 1076 765 1126 fuci,
791 1076 850 1118 nil
874 1076 946 1119 dia
968 1078 1169 1131 potentia
1192 1079 1351 1129 fastus,

391 1143 567 1198 Viperei
590 1144 651 1186 nil
675 1144 746 1187 hic
768 1145 882 1187 fellis
906 1160 1095 1188 acumen
1119 1147 1269 1189 habet.

879 1404 919 1433 2.
966 1403 1029 1432 DE
1063 1404 1243 1434 EADEM.

333 1494 403 1534 En
428 1508 554 1535 sacra
579 1493 802 1536 Baronius
825 1501 973 1537 movet
996 1501 1038 1537 et
1062 1494 1373 1539 Trumbullius
1396 1512 1538 1547 arma,-

391 1563 539 1604 Paene
561 1564 643 1605 sub
669 1563 824 1605 Icariis
847 1571 982 1606 natus
1004 1571 1190 1619 uterque
1214 1566 1336 1607 rotis.
1917 1582 1969 1610 10

332 1633 475 1674 Ambo
498 1634 766 1684 sacerdotes,
791 1633 967 1676 divinae
993 1634 1188 1676 Palladis
1211 1637 1344 1677 ambo

388 1701 586 1751 Artibus,
612 1708 654 1743 et
677 1702 838 1744 calami
862 1703 1126 1745 dexteritate
1149 1719 1292 1758 pares.

334 1771 433 1812 Hoc
456 1770 693 1812 discrimen
717 1771 881 1821 habes;
916 1786 1081 1826 magno
1105 1773 1333 1815 molimine
1357 1788 1539 1816 causam

390 1839 478 1900 Hic
501 1840 592 1893 agit
617 1841 802 1882 Ausonii
827 1842 1067 1892 Praesulis,
1092 1842 1165 1884 ille
1190 1843 1290 1884 Dei.

884 2094 925 2134 3.
960 2093 1023 2122 DE
1057 2093 1237 2123 EADEM.

332 2182 399 2222 Ne
423 2188 522 2223 ruat
546 2181 590 2222 in
613 2197 826 2237 praeceps
849 2183 1068 2238 Tarpeiae
1093 2185 1240 2226 bellua
1265 2185 1401 2239 rupiS‚

392 2250 616 2304 Undique,
641 2251 894 2303 Turnbulli,
919 2253 1060 2294 fulcra
1083 2255 1274 2308 superba
1299 2269 1443 2308 paras,

332 2319 479 2361 Caede
504 2320 735 2361 Caledonii
759 2335 805 2362 se
827 2336 938 2375 gens
961 2321 1224 2363 Turnbullia
1251 2322 1367 2364 tauri

390 2389 579 2438 Extulit,
605 2396 647 2431 et
672 2396 813 2432 strato
837 2392 889 2432 de
913 2391 1023 2432 bove
1046 2406 1208 2432 nomen
1233 2392 1383 2441 habet,

334 2458 456 2498 Pone
479 2458 794 2511 supercilium3
829 2459 902 2513 qui
926 2465 1075 2501 tecum
1100 2460 1283 2502 dimicat
1309 2460 1466 2511 hostis,

390 2527 474 2568 Per
495 2533 572 2569 tua
598 2529 865 2570 Romuleam
888 2529 1099 2584 transigit
1123 2536 1225 2571 exta
1249 2529 1415 2584 lupam.
1911 2543 1964 2571 20

317 2659 345 2680 1.
371 2649 535 2688 Baronii.]
591 2650 625 2680 If
636 2648 703 2680 this
718 2649 744 2680 is
762 2649 819 2681 the
836 2649 926 2691 right
942 2649 1094 2691 reading,
1116 2654 1136 2668 “
1148 2660 1169 2681 o
1181 2651 1198 2664 ”
1215 2649 1295 2681 here
1313 2650 1379 2682 and
1393 2650 1426 2681 in
1444 2656 1524 2682 next
1540 2660 1640 2692 poem
1658 2651 1685 2681 is
1702 2651 1832 2682 treated
1849 2651 1941 2682 short
1959 2663 1966 2687 ς

156 2704 189 2735 in
207 2703 265 2735 the
282 2709 350 2735 two
367 2703 406 2734 of
420 2704 485 2734 No.
505 2704 596 2734 XLI.
616 2703 640 2734 it
658 2703 685 2734 is
701 2703 833 2735 treated
849 2703 941 2745 long.
990 2704 1029 2734 In
1044 2714 1162 2744 proper
1177 2714 1295 2735 names
1312 2704 1395 2736 such
1413 2704 1539 2736 license
1556 2715 1626 2736 was
1643 2711 1703 2736 not
1720 2705 1963 2735 inadmissible.

295 2768 343 2789 10.
370 2758 524 2797 Icarius]
579 2758 617 2788 In
635 2757 692 2789 the
711 2757 811 2788 Latin
830 2763 937 2798 poets,
958 2758 1140 2799 especially
1158 2758 1214 2789 the
1234 2758 1401 2799 Elegiacs¹
1416 2759 1493 2789 who
1507 2769 1593 2789 were
1607 2759 1806 2799 Johnston⁷s
1822 2759 1962 2795 models‚

156 2817 176 2831 “
192 2813 319 2844 Icarius
332 2814 350 2826 ''
367 2813 394 2843 is
418 2823 461 2843 an
486 2812 615 2853 epithet
640 2812 830 2844 associated
848 2813 929 2843 with
954 2813 1011 2843 the
1037 2814 1142 2844 Great
1162 2814 1258 2850 Bear,
1277 2813 1344 2844 and
1361 2814 1529 2844 therefore
1547 2829 1575 2839 Ξ
1595 2814 1765 2844 Northcrn
1785 2814 1963 2854 (Propert.‚

156 2867 201 2897 ΙΙ.
220 2875 336 2906 33·29;
361 2865 404 2908 cf.
423 2867 499 2903 Ov.‚
517 2866 611 2905 Met„
633 2866 674 2896 X.
693 2865 781 2908 451).

295 2931 343 2961 ¹4·
370 2921 512 2952 Ausonii
531 2921 727 2959 Praesuiis]
780 2920 854 2951 The
874 2921 964 2961 Pope
982 2930 1018 2951 or
1038 2920 1165 2961 Bishop
1182 2921 1221 2952 os
1240 2921 1357 2952 Rome.
