2228 3372
364 317 444 345 222

952 312 1164 342 PARERGA
1199 298 1569 350 (SUPPLEMENT).

539 420 687 461 Ubera
710 418 840 472 plena
863 416 998 471 gregi,
1023 413 1154 456 loculi
1178 413 1286 454 mihi
1310 426 1486 467 semper
1507 412 1678 462 inanes,

593 489 766 528 Aureus
790 485 891 527 huic
914 485 1033 526 nitor
1054 490 1136 533 est,
1161 497 1232 524 me
1254 481 1364 535 tegit
1388 488 1485 523 atra
1512 481 1641 523 cutis.

538 558 623 598 Sed
647 555 755 596 mihi
779 569 878 596 cum
903 553 1022 595 saxis
1044 567 1113 594 res
1135 558 1217 601 est,
1243 550 1533 592 adamantina
1554 550 1681 593 vobis

595 626 780 665 Pectora
802 629 918 672 sunt,
940 621 1084 675 pelagi
1108 620 1281 662 surdior
1306 619 1426 661 auris
1453 634 1583 673 aqua.

534 694 678 746 Atque
702 692 873 733 utinam
896 697 1073 732 tantum
1098 695 1333 731 caneretur
1354 688 1485 730 nenia
1509 689 1655 739 surdo,

592 763 680 802 Aut
703 766 908 815 raperent
932 765 1116 813 questus
1138 764 1300 799 ventus
1322 763 1365 798 et
1389 759 1507 799 unda
1531 772 1665 799 meos.

536 830 654 870 Dum
679 835 781 882 peto
804 828 919 881 quod
942 827 1008 868 fas
1030 832 1111 876 est,
1133 826 1311 868 balatus
1334 826 1506 867 tollitur
1531 822 1701 880 ingens,

593 899 787 951 Parsque
811 895 955 950 gregis
978 910 1114 937 cornu
1139 910 1207 936 me
1231 895 1461 949 petulante
1483 894 1598 936 ferit.

536 967 680 1008 Prurit
704 973 746 1008 et
770 966 814 1007 in
838 980 1034 1020 pugnam
1058 965 1178 1007 natis
1200 966 1332 1006 modo
1355 964 1562 1006 cornibus
1586 978 1744 1019 agnus,

592 1038 803 1091 Quaeque
827 1041 973 1090 potest
996 1035 1142 1089 posito
1164 1034 1352 1076 ventilat
1381 1048 1504 1075 arma
1532 1040 1670 1075 metu.

533 1105 669 1146 Exuit
692 1105 914 1146 humanos
939 1105 1123 1147 Circaeo
1146 1103 1343 1145 carm'ine
1366 1104 1518 1145 vultus

591 1175 674 1215 Per
695 1188 816 1215 mare
841 1173 1102 1214 Dulichium
1126 1174 1256 1214 turba
1279 1178 1431 1214 secuta
1454 1173 1627 1213 ducem.

533 1245 641 1285 Pars
664 1243 757 1285 suis
779 1243 1036 1286 immundae
1059 1243 1211 1292 rictus,
1236 1257 1339 1297 pars
1360 1241 1533 1296 tigridis
1556 1255 1743 1296 ungues,

591 1315 769 1356 Cornua
792 1327 894 1367 pars
916 1312 1028 1354 torvi
1052 1311 1242 1366 sumpsit
1266 1318 1308 1353 et
1333 1326 1409 1353 ora
1431 1310 1570 1353 bovis.

536 1382 623 1424 Hic
646 1382 734 1423 ritu
756 1382 918 1423 latrare
941 1381 1080 1431 canis,
1104 1396 1207 1435 pars
1230 1381 1372 1422 instar
1395 1380 1520 1422 aselli

592 1453 781 1501 Rudere,
804 1466 906 1505 pars
929 1450 1073 1505 coepit
1097 1465 1218 1492 more
1242 1451 1414 1492 ululare
1437 1449 1544 1504 lupi.

533 1522 601 1562 An
626 1520 734 1562 mihi
760 1521 991 1562 balantum
1016 1534 1121 1574 grex
1145 1526 1210 1560 est
1232 1534 1406 1573 quoque
1433 1533 1587 1560 versus
1609 1518 1653 1559 in
1676 1517 1856 1560 hircos?

590 1591 658 1631 An
682 1595 858 1631 tantum
882 1589 1082 1643 placidae
1106 1588 1408 1643 degenerastis
1435 1588 1572 1630 oves?

534 1660 607 1700 Me
631 1658 764 1699 nimis
788 1657 979 1712 obliquis
1002 1658 1142 1699 oculis
1165 1673 1301 1712 pecus
1323 1672 1454 1699 omne
1478 1663 1642 1707 tuetur,

593 1727 725 1768 Hirta
749 1726 882 1768 nimis
905 1727 1025 1768 frons
1048 1733 1130 1776 est,
1155 1733 1197 1767 et
1221 1733 1430 1780 caperata
1453 1725 1598 1766 nimis.

537 1797 717 1849 Mulgeo
739 1796 1056 1850 nequidquam,
1081 1796 1381 1850 nequidquam
1405 1795 1568 1836 vellera
1590 1809 1736 1849 posco,

593 1866 718 1905 Haec
741 1879 915 1918 quoque
938 1865 1042 1905 dum
1067 1879 1214 1918 posco,
1240 1878 1373 1917 cogor
1394 1864 1553 1905 acerba
1575 1862 1679 1918 pati.

535 1935 634 1975 Hoc
658 1933 766 1975 mihi
789 1934 856 1975 fas
879 1940 996 1975 esset
1022 1933 1116 1975 Diti
1141 1940 1337 1975 mactare
1360 1933 1583 1974 bidental:

592 2003 672 2044 Ille
699 2004 823 2044 Deus
845 2003 997 2057 nigrae
1022 2002 1239 2057 sanguine
1262 2004 1424 2057 gaudet
1448 2002 1554 2044 ovis.

535 2073 586 2112 In
610 2086 745 2126 pecus
768 2072 992 2127 ingratum
1017 2073 1083 2113 fas
1105 2079 1222 2113 esset
1245 2072 1462 2125 stringere
1484 2072 1617 2122 diras,

589 2141 787 2195 Telaque
812 2157 924 2195 quae
946 2156 1122 2183 summo
1145 2143 1226 2183 sub
1251 2143 1355 2183 Iove
1377 2148 1529 2196 pastor
1550 2142 1698 2183 habet.

534 2210 619 2251 His
638 2225 719 2264 ego
743 2225 977 2264 percussas
999 2211 1088 2252 vidi
1111 2212 1341 2253 tabescere
1365 2211 1533 2261 caulas,

591 2280 650 2320 Et
674 2279 845 2333 pecoris
868 2279 1032 2321 nitidos
1054 2295 1187 2334 saepe
1211 2280 1352 2334 perire
1375 2281 1526 2321 duces.

534 2349 732 2389 Lacteus
755 2355 930 2390 aruerat
955 2349 1108 2402 liquor,
1131 2349 1450 2391 emorientibus
1473 2349 1634 2400 herbis,

593 2418 653 2457 Et
677 2417 786 2471 proli
810 2417 1000 2470 genitrix
1024 2418 1136 2459 ferre
1159 2419 1350 2472 negabat
1375 2433 1517 2472 opem.

534 2486 738 2527 Candida
762 2493 935 2527 mutato
958 2486 1139 2527 defluxit
1163 2488 1266 2528 lana
1288 2488 1446 2529 colore.

593 2556 651 2595 Et
677 2555 757 2596 suit
782 2555 929 2596 illuvie
953 2562 1048 2596 tota
1071 2570 1227 2609 peresa
1250 2557 1380 2598 cutis.

535 2623 622 2664 His
645 2630 796 2665 tamen
821 2624 1026 2666 abstineo
1045 2640 1053 2665 :
1090 2625 1314 2666 Dominus
1337 2625 1595 2680 pecorisque
1617 2625 1828 2679 ducisque

590 2692 811 2746 Tempore
834 2698 1020 2735 venturo
1042 2693 1131 2734 fors
1154 2694 1337 2736 meliora
1359 2694 1498 2736 dabit.

495 2866 546 2905 78.
576 2865 771 2897 Dulichium
788 2865 939 2906 ducem]
985 2866 1139 2907 Ulysses.

494 2929 547 2958 92.
574 2919 752 2961 Telaque.]
799 2920 873 2952 The
890 2931 1051 2962 weapons
1069 2922 1108 2953 of
1119 2922 1462 2954 excommunication.

2106 631 2160 673 70

2107 1308 2162 1350 80

2108 2013 2163 2056 90

2082 2707 2162 2736 100
