<?xml version="1.0" encoding="UTF-8"?>
<!DOCTYPE html PUBLIC "-//W3C//DTD XHTML 1.0 Transitional//EN"
    "http://www.w3.org/TR/xhtml1/DTD/xhtml1-transitional.dtd">
<html xmlns="http://www.w3.org/1999/xhtml" xml:lang="en" lang="en">
 <head>
  <title>
</title>
<meta http-equiv="Content-Type" content="text/html;charset=utf-8" />
  <meta name='ocr-system' content='tesseract 3.04.00' />
  <meta name='ocr-capabilities' content='ocr_page ocr_carea ocr_par ocr_line ocrx_word'/>
</head>
<body>
  <div class='ocr_page' id='page_1' title='image "./musalatinaaberdo02gedduoft_0311.png"; bbox 0 0 2228 3372; ppageno 0'>
   <div class='ocr_carea' id='block_1_1' title="bbox 708 290 1326 343">
    <p class='ocr_par' dir='ltr' id='par_1_1' title="bbox 708 290 1326 343">
     <span class='ocr_line' id='line_1_1' title="bbox 708 290 1326 343; baseline 0.002 -12"><span class='ocrx_word' id='word_1_1' title='bbox 708 302 923 332; x_wconf 84' lang='lat' dir='ltr'><strong>PARERGA</strong></span> <span class='ocrx_word' id='word_1_2' title='bbox 954 290 1326 343; x_wconf 81' lang='lat' dir='ltr'><strong>(SUPPLEMENT).</strong></span> 
     </span>
    </p>
   </div>
   <div class='ocr_carea' id='block_1_2' title="bbox 582 406 1476 449">
    <p class='ocr_par' dir='ltr' id='par_1_2' title="bbox 582 406 1476 449">
     <span class='ocr_line' id='line_1_2' title="bbox 582 406 1476 449; baseline 0 -2"><span class='ocrx_word' id='word_1_3' title='bbox 582 407 728 448; x_wconf 92' lang='lat' dir='ltr'><strong>CLII.</strong></span> <span class='ocrx_word' id='word_1_4' title='bbox 792 419 831 448; x_wconf 89' lang='lat'>2.</span> <span class='ocrx_word' id='word_1_5' title='bbox 867 407 1083 449; x_wconf 89' lang='lat' dir='ltr'>VENUS</span> <span class='ocrx_word' id='word_1_6' title='bbox 1119 406 1476 447; x_wconf 91' lang='lat' dir='ltr'><strong>MINERVAE.</strong></span> 
     </span>
    </p>
   </div>
   <div class='ocr_carea' id='block_1_3' title="bbox 293 496 1546 1173">
    <p class='ocr_par' dir='ltr' id='par_1_3' title="bbox 293 496 1546 1173">
     <span class='ocr_line' id='line_1_3' title="bbox 296 496 1251 550; baseline 0.001 -13"><span class='ocrx_word' id='word_1_7' title='bbox 296 496 491 538; x_wconf 89' lang='lat' dir='ltr'>Palladis</span> <span class='ocrx_word' id='word_1_8' title='bbox 515 496 655 538; x_wconf 85' lang='lat' dir='ltr'>iratae</span> <span class='ocrx_word' id='word_1_9' title='bbox 678 496 778 550; x_wconf 86' lang='lat' dir='ltr'>legi,</span> <span class='ocrx_word' id='word_1_10' title='bbox 803 512 892 538; x_wconf 90' lang='lat' dir='ltr'>non</span> <span class='ocrx_word' id='word_1_11' title='bbox 914 498 1050 539; x_wconf 89' lang='lat' dir='ltr'>verba</span> <span class='ocrx_word' id='word_1_12' title='bbox 1074 496 1251 547; x_wconf 89' lang='lat' dir='ltr'>sororis,</span> 
     </span>
     <span class='ocr_line' id='line_1_4' title="bbox 353 566 1520 619; baseline 0.001 -13"><span class='ocrx_word' id='word_1_13' title='bbox 353 567 479 607; x_wconf 89' lang='lat' dir='ltr'>Haec</span> <span class='ocrx_word' id='word_1_14' title='bbox 503 580 675 619; x_wconf 91' lang='lat' dir='ltr'>quoque</span> <span class='ocrx_word' id='word_1_15' title='bbox 699 566 796 608; x_wconf 92' lang='lat' dir='ltr'>luce</span> <span class='ocrx_word' id='word_1_16' title='bbox 820 580 977 608; x_wconf 82' lang='lat' dir='ltr'>carens</span> <span class='ocrx_word' id='word_1_17' title='bbox 1000 566 1183 608; x_wconf 88' lang='lat' dir='ltr'>auribus</span> <span class='ocrx_word' id='word_1_18' title='bbox 1207 566 1356 608; x_wconf 84' lang='lat' dir='ltr'><strong>hausit</strong></span> <span class='ocrx_word' id='word_1_19' title='bbox 1381 567 1520 607; x_wconf 89' lang='lat' dir='ltr'>Amor</span> 
     </span>
     <span class='ocr_line' id='line_1_5' title="bbox 296 634 1311 688; baseline 0.002 -14"><span class='ocrx_word' id='word_1_20' title='bbox 296 635 368 675; x_wconf 92' lang='lat' dir='ltr'>Me</span> <span class='ocrx_word' id='word_1_21' title='bbox 391 634 562 688; x_wconf 88' lang='lat' dir='ltr'>puduit,</span> <span class='ocrx_word' id='word_1_22' title='bbox 588 639 666 675; x_wconf 85' lang='lat' dir='ltr'>tua</span> <span class='ocrx_word' id='word_1_23' title='bbox 690 634 786 676; x_wconf 83' lang='lat' dir='ltr'>risit</span> <span class='ocrx_word' id='word_1_24' title='bbox 810 636 946 676; x_wconf 89' lang='lat' dir='ltr'>Amor</span> <span class='ocrx_word' id='word_1_25' title='bbox 968 634 1182 685; x_wconf 85' lang='lat' dir='ltr'>convicia,</span> <span class='ocrx_word' id='word_1_26' title='bbox 1207 650 1311 677; x_wconf 87' lang='lat' dir='ltr'>vero</span> 
     </span>
     <span class='ocr_line' id='line_1_6' title="bbox 353 703 1410 750; baseline 0.002 -6"><span class='ocrx_word' id='word_1_27' title='bbox 353 703 569 750; x_wconf 80' lang='lat' dir='ltr'>Proxima,</span> <span class='ocrx_word' id='word_1_28' title='bbox 593 704 669 744; x_wconf 89' lang='lat' dir='ltr'>sed</span> <span class='ocrx_word' id='word_1_29' title='bbox 692 710 825 745; x_wconf 89' lang='lat' dir='ltr'>natae</span> <span class='ocrx_word' id='word_1_30' title='bbox 848 719 936 745; x_wconf 93' lang='lat' dir='ltr'>non</span> <span class='ocrx_word' id='word_1_31' title='bbox 960 705 1250 746; x_wconf 91' lang='lat' dir='ltr'>memoranda</span> <span class='ocrx_word' id='word_1_32' title='bbox 1275 704 1410 746; x_wconf 89' lang='lat' dir='ltr'>Iovis.</span> 
     </span>
     <span class='ocr_line' id='line_1_7' title="bbox 295 773 1463 828; baseline 0.002 -15"><span class='ocrx_word' id='word_1_33' title='bbox 295 773 417 814; x_wconf 87' lang='lat' dir='ltr'>Mars</span> <span class='ocrx_word' id='word_1_34' title='bbox 439 779 578 826; x_wconf 90' lang='lat' dir='ltr'>pater,</span> <span class='ocrx_word' id='word_1_35' title='bbox 604 779 646 813; x_wconf 90' lang='lat' dir='ltr'>et</span> <span class='ocrx_word' id='word_1_36' title='bbox 672 773 880 827; x_wconf 83' lang='lat' dir='ltr'>Myrrhae</span> <span class='ocrx_word' id='word_1_37' title='bbox 903 774 997 815; x_wconf 85' lang='lat' dir='ltr'>fixit</span> <span class='ocrx_word' id='word_1_38' title='bbox 1021 773 1130 814; x_wconf 91' lang='lat' dir='ltr'>mihi</span> <span class='ocrx_word' id='word_1_39' title='bbox 1154 773 1279 815; x_wconf 90' lang='lat' dir='ltr'>basia</span> <span class='ocrx_word' id='word_1_40' title='bbox 1302 773 1463 828; x_wconf 86' lang='lat' dir='ltr'>proles,</span> 
     </span>
     <span class='ocr_line' id='line_1_8' title="bbox 353 842 1295 895; baseline 0.002 -13"><span class='ocrx_word' id='word_1_41' title='bbox 353 843 452 883; x_wconf 92' lang='lat' dir='ltr'>Hos</span> <span class='ocrx_word' id='word_1_42' title='bbox 475 848 651 895; x_wconf 79' lang='lat' dir='ltr'>praeter</span> <span class='ocrx_word' id='word_1_43' title='bbox 673 842 836 884; x_wconf 88' lang='lat' dir='ltr'>Veneri</span> <span class='ocrx_word' id='word_1_44' title='bbox 860 843 984 884; x_wconf 91' lang='lat' dir='ltr'>basia</span> <span class='ocrx_word' id='word_1_45' title='bbox 1008 858 1139 884; x_wconf 93' lang='lat' dir='ltr'>nemo</span> <span class='ocrx_word' id='word_1_46' title='bbox 1163 843 1295 884; x_wconf 83' lang='lat' dir='ltr'>dedit.</span> 
     </span>
     <span class='ocr_line' id='line_1_9' title="bbox 293 911 1546 965; baseline 0.001 -13"><span class='ocrx_word' id='word_1_47' title='bbox 293 911 511 953; x_wconf 86' lang='lat' dir='ltr'>Claudere</span> <span class='ocrx_word' id='word_1_48' title='bbox 534 911 610 951; x_wconf 92' lang='lat' dir='ltr'>sed</span> <span class='ocrx_word' id='word_1_49' title='bbox 634 925 819 952; x_wconf 91' lang='lat' dir='ltr'>numero</span> <span class='ocrx_word' id='word_1_50' title='bbox 843 911 1043 965; x_wconf 88' lang='lat' dir='ltr'>quisquis</span> <span class='ocrx_word' id='word_1_51' title='bbox 1068 911 1185 953; x_wconf 91' lang='lat' dir='ltr'>Iovis</span> <span class='ocrx_word' id='word_1_52' title='bbox 1208 912 1361 953; x_wconf 92' lang='lat' dir='ltr'>oscula</span> <span class='ocrx_word' id='word_1_53' title='bbox 1383 917 1546 962; x_wconf 87' lang='lat' dir='ltr'>tentat,</span> 
     </span>
     <span class='ocr_line' id='line_1_10' title="bbox 354 980 1426 1035; baseline 0.001 -14"><span class='ocrx_word' id='word_1_54' title='bbox 354 980 574 1034; x_wconf 85' lang='lat' dir='ltr'>Expediat</span> <span class='ocrx_word' id='word_1_55' title='bbox 600 980 799 1022; x_wconf 88' lang='lat' dir='ltr'>Siculum</span> <span class='ocrx_word' id='word_1_56' title='bbox 824 988 930 1035; x_wconf 92' lang='lat' dir='ltr'>quot</span> <span class='ocrx_word' id='word_1_57' title='bbox 955 996 1076 1022; x_wconf 88' lang='lat' dir='ltr'>mare</span> <span class='ocrx_word' id='word_1_58' title='bbox 1099 981 1246 1023; x_wconf 89' lang='lat' dir='ltr'>volvat</span> <span class='ocrx_word' id='word_1_59' title='bbox 1271 996 1426 1035; x_wconf 89' lang='lat' dir='ltr'>aquas,</span> 
     </span>
     <span class='ocr_line' id='line_1_11' title="bbox 295 1050 1495 1105; baseline 0 -13"><span class='ocrx_word' id='word_1_60' title='bbox 295 1052 429 1092; x_wconf 88' lang='lat' dir='ltr'>Ferre</span> <span class='ocrx_word' id='word_1_61' title='bbox 453 1051 529 1091; x_wconf 91' lang='lat' dir='ltr'>sed</span> <span class='ocrx_word' id='word_1_62' title='bbox 552 1050 662 1091; x_wconf 89' lang='lat' dir='ltr'>haec</span> <span class='ocrx_word' id='word_1_63' title='bbox 684 1065 888 1104; x_wconf 87' lang='lat' dir='ltr'>possem:</span> <span class='ocrx_word' id='word_1_64' title='bbox 923 1051 1070 1092; x_wconf 93' lang='lat' dir='ltr'>laesae</span> <span class='ocrx_word' id='word_1_65' title='bbox 1094 1051 1326 1105; x_wconf 85' lang='lat' dir='ltr'>dispendia</span> <span class='ocrx_word' id='word_1_66' title='bbox 1348 1051 1495 1092; x_wconf 83' lang='lat' dir='ltr'>famae</span> 
     </span>
     <span class='ocr_line' id='line_1_12' title="bbox 354 1118 1384 1173; baseline 0.001 -14"><span class='ocrx_word' id='word_1_67' title='bbox 354 1121 456 1160; x_wconf 93' lang='lat' dir='ltr'>Non</span> <span class='ocrx_word' id='word_1_68' title='bbox 480 1133 641 1168; x_wconf 88' lang='lat' dir='ltr'>moror,</span> <span class='ocrx_word' id='word_1_69' title='bbox 665 1118 845 1173; x_wconf 84' lang='lat' dir='ltr'><strong>infringi</strong></span> <span class='ocrx_word' id='word_1_70' title='bbox 869 1121 944 1160; x_wconf 93' lang='lat' dir='ltr'>sed</span> <span class='ocrx_word' id='word_1_71' title='bbox 968 1134 1068 1161; x_wconf 93' lang='lat' dir='ltr'>mea</span> <span class='ocrx_word' id='word_1_72' title='bbox 1091 1119 1187 1160; x_wconf 87' lang='lat' dir='ltr'>iura</span> <span class='ocrx_word' id='word_1_73' title='bbox 1212 1134 1384 1173; x_wconf 88' lang='lat' dir='ltr'>queror.</span> 
     </span>
    </p>
   </div>
   <div class='ocr_carea' id='block_1_4' title="bbox 295 1187 1610 1242">
    <p class='ocr_par' dir='ltr' id='par_1_4' title="bbox 295 1187 1610 1242">
     <span class='ocr_line' id='line_1_13' title="bbox 295 1187 1610 1242; baseline -0.002 -12"><span class='ocrx_word' id='word_1_74' title='bbox 295 1190 439 1230; x_wconf 89' lang='lat' dir='ltr'>Nemo</span> <span class='ocrx_word' id='word_1_75' title='bbox 461 1187 541 1229; x_wconf 88' lang='lat' dir='ltr'>tibi</span> <span class='ocrx_word' id='word_1_76' title='bbox 565 1187 771 1242; x_wconf 87' lang='lat' dir='ltr'>clipeum,</span> <span class='ocrx_word' id='word_1_77' title='bbox 792 1188 873 1235; x_wconf 88' lang='lat' dir='ltr'>vel,</span> <span class='ocrx_word' id='word_1_78' title='bbox 897 1203 1029 1242; x_wconf 89' lang='lat' dir='ltr'>quam</span> <span class='ocrx_word' id='word_1_79' title='bbox 1054 1188 1184 1242; x_wconf 84' lang='lat' dir='ltr'>geris,</span> <span class='ocrx_word' id='word_1_80' title='bbox 1210 1188 1379 1230; x_wconf 86' lang='lat' dir='ltr'>invidet</span> <span class='ocrx_word' id='word_1_81' title='bbox 1402 1188 1581 1229; x_wconf 82' lang='lat' dir='ltr'>hastam</span> <span class='ocrx_word' id='word_1_82' title='bbox 1602 1203 1610 1237; x_wconf 89' lang='lat'>;</span> 
     </span>
    </p>
   </div>
   <div class='ocr_carea' id='block_1_5' title="bbox 293 1257 1583 2701">
    <p class='ocr_par' dir='ltr' id='par_1_5' title="bbox 354 1257 1358 1311">
     <span class='ocr_line' id='line_1_14' title="bbox 354 1257 1358 1311; baseline -0.001 -12"><span class='ocrx_word' id='word_1_83' title='bbox 354 1259 446 1300; x_wconf 85' lang='lat' dir='ltr'>Cur</span> <span class='ocrx_word' id='word_1_84' title='bbox 467 1257 575 1298; x_wconf 92' lang='lat' dir='ltr'>mihi</span> <span class='ocrx_word' id='word_1_85' title='bbox 598 1263 662 1307; x_wconf 84' lang='lat' dir='ltr'>tu,</span> <span class='ocrx_word' id='word_1_86' title='bbox 688 1263 795 1298; x_wconf 90' lang='lat' dir='ltr'>nato</span> <span class='ocrx_word' id='word_1_87' title='bbox 818 1271 909 1307; x_wconf 89' lang='lat' dir='ltr'>cur,</span> <span class='ocrx_word' id='word_1_88' title='bbox 937 1259 1048 1303; x_wconf 78' lang='lat' dir='ltr'>Dea,</span> <span class='ocrx_word' id='word_1_89' title='bbox 1074 1258 1165 1299; x_wconf 90' lang='lat' dir='ltr'>tela</span> <span class='ocrx_word' id='word_1_90' title='bbox 1187 1258 1358 1311; x_wconf 84' lang='lat' dir='ltr'>negas?</span> 
     </span>
    </p>

    <p class='ocr_par' dir='ltr' id='par_1_6' title="bbox 295 1326 1332 1446">
     <span class='ocr_line' id='line_1_15' title="bbox 295 1326 1319 1381; baseline -0.003 -12"><span class='ocrx_word' id='word_1_91' title='bbox 295 1326 501 1381; x_wconf 85' lang='lat' dir='ltr'><strong>Cypridis</strong></span> <span class='ocrx_word' id='word_1_92' title='bbox 524 1326 655 1367; x_wconf 86' lang='lat' dir='ltr'>odisti</span> <span class='ocrx_word' id='word_1_93' title='bbox 679 1327 851 1376; x_wconf 79' lang='lat' dir='ltr'>taedas,</span> <span class='ocrx_word' id='word_1_94' title='bbox 877 1326 980 1380; x_wconf 89' lang='lat' dir='ltr'>quia</span> <span class='ocrx_word' id='word_1_95' title='bbox 1004 1326 1174 1368; x_wconf 88' lang='lat' dir='ltr'>semine</span> <span class='ocrx_word' id='word_1_96' title='bbox 1196 1326 1319 1367; x_wconf 90' lang='lat' dir='ltr'>nullo</span> 
     </span>
     <span class='ocr_line' id='line_1_16' title="bbox 354 1396 1332 1446; baseline 0 -9"><span class='ocrx_word' id='word_1_97' title='bbox 354 1398 488 1446; x_wconf 86' lang='lat' dir='ltr'>Nata,</span> <span class='ocrx_word' id='word_1_98' title='bbox 514 1398 590 1438; x_wconf 93' lang='lat' dir='ltr'>sed</span> <span class='ocrx_word' id='word_1_99' title='bbox 614 1411 635 1438; x_wconf 88' lang='lat' dir='ltr'>e</span> <span class='ocrx_word' id='word_1_100' title='bbox 659 1397 838 1438; x_wconf 87' lang='lat' dir='ltr'>cerebro</span> <span class='ocrx_word' id='word_1_101' title='bbox 863 1396 1054 1438; x_wconf 85' lang='lat' dir='ltr'>crederis</span> <span class='ocrx_word' id='word_1_102' title='bbox 1077 1402 1174 1438; x_wconf 89' lang='lat' dir='ltr'>orta</span> <span class='ocrx_word' id='word_1_103' title='bbox 1199 1396 1332 1437; x_wconf 89' lang='lat' dir='ltr'>Iovis.</span> 
     </span>
    </p>

    <p class='ocr_par' dir='ltr' id='par_1_7' title="bbox 296 1465 1492 1589">
     <span class='ocr_line' id='line_1_17' title="bbox 296 1465 1353 1520; baseline -0.001 -12"><span class='ocrx_word' id='word_1_104' title='bbox 296 1468 440 1508; x_wconf 89' lang='lat' dir='ltr'>Matre</span> <span class='ocrx_word' id='word_1_105' title='bbox 464 1481 621 1508; x_wconf 87' lang='lat' dir='ltr'>carens</span> <span class='ocrx_word' id='word_1_106' title='bbox 644 1466 778 1520; x_wconf 81' lang='lat' dir='ltr'>virgo,</span> <span class='ocrx_word' id='word_1_107' title='bbox 801 1466 976 1508; x_wconf 82' lang='lat' dir='ltr'>natales</span> <span class='ocrx_word' id='word_1_108' title='bbox 1000 1473 1156 1507; x_wconf 82' lang='lat' dir='ltr'>excute</span> <span class='ocrx_word' id='word_1_109' title='bbox 1182 1465 1353 1515; x_wconf 78' lang='lat' dir='ltr'>Martis,</span> 
     </span>
     <span class='ocr_line' id='line_1_18' title="bbox 353 1535 1492 1589; baseline -0.003 -11"><span class='ocrx_word' id='word_1_110' title='bbox 353 1537 629 1579; x_wconf 90' lang='lat' dir='ltr'>Caelicolum</span> <span class='ocrx_word' id='word_1_111' title='bbox 653 1551 785 1577; x_wconf 89' lang='lat' dir='ltr'>nemo</span> <span class='ocrx_word' id='word_1_112' title='bbox 809 1542 875 1577; x_wconf 89' lang='lat' dir='ltr'>est</span> <span class='ocrx_word' id='word_1_113' title='bbox 900 1551 1031 1589; x_wconf 89' lang='lat' dir='ltr'>quem</span> <span class='ocrx_word' id='word_1_114' title='bbox 1055 1542 1182 1577; x_wconf 91' lang='lat' dir='ltr'>vocet</span> <span class='ocrx_word' id='word_1_115' title='bbox 1206 1535 1279 1577; x_wconf 91' lang='lat' dir='ltr'>ille</span> <span class='ocrx_word' id='word_1_116' title='bbox 1302 1542 1492 1589; x_wconf 88' lang='lat' dir='ltr'>patrem.</span> 
     </span>
    </p>

    <p class='ocr_par' dir='ltr' id='par_1_8' title="bbox 296 1604 1470 1728">
     <span class='ocr_line' id='line_1_19' title="bbox 296 1604 1470 1659; baseline -0.002 -12"><span class='ocrx_word' id='word_1_117' title='bbox 296 1607 432 1647; x_wconf 93' lang='lat' dir='ltr'>Hunc</span> <span class='ocrx_word' id='word_1_118' title='bbox 456 1612 662 1647; x_wconf 86' lang='lat' dir='ltr'>matrona</span> <span class='ocrx_word' id='word_1_119' title='bbox 688 1606 807 1647; x_wconf 89' lang='lat' dir='ltr'>Iovis</span> <span class='ocrx_word' id='word_1_120' title='bbox 832 1605 990 1647; x_wconf 86' lang='lat' dir='ltr'>Florae</span> <span class='ocrx_word' id='word_1_121' title='bbox 1014 1604 1220 1659; x_wconf 86' lang='lat' dir='ltr'>concepit</span> <span class='ocrx_word' id='word_1_122' title='bbox 1244 1604 1289 1645; x_wconf 90' lang='lat' dir='ltr'>in</span> <span class='ocrx_word' id='word_1_123' title='bbox 1317 1604 1470 1652; x_wconf 89' lang='lat' dir='ltr'>hortis,</span> 
     </span>
     <span class='ocr_line' id='line_1_20' title="bbox 354 1673 1334 1728; baseline -0.002 -13"><span class='ocrx_word' id='word_1_124' title='bbox 354 1674 518 1715; x_wconf 90' lang='lat' dir='ltr'>Nescio</span> <span class='ocrx_word' id='word_1_125' title='bbox 542 1689 628 1728; x_wconf 89' lang='lat' dir='ltr'>quo</span> <span class='ocrx_word' id='word_1_126' title='bbox 650 1680 773 1715; x_wconf 88' lang='lat' dir='ltr'>tacto</span> <span class='ocrx_word' id='word_1_127' title='bbox 796 1673 995 1727; x_wconf 81' lang='lat' dir='ltr'>germine</span> <span class='ocrx_word' id='word_1_128' title='bbox 1017 1673 1137 1715; x_wconf 87' lang='lat' dir='ltr'>facta</span> <span class='ocrx_word' id='word_1_129' title='bbox 1162 1687 1334 1727; x_wconf 85' lang='lat' dir='ltr'>parens.</span> 
     </span>
    </p>

    <p class='ocr_par' dir='ltr' id='par_1_9' title="bbox 296 1741 1583 1866">
     <span class='ocr_line' id='line_1_21' title="bbox 296 1741 1583 1796; baseline -0.002 -12"><span class='ocrx_word' id='word_1_130' title='bbox 296 1745 397 1784; x_wconf 93' lang='lat' dir='ltr'>Non</span> <span class='ocrx_word' id='word_1_131' title='bbox 420 1749 574 1784; x_wconf 90' lang='lat' dir='ltr'>tamen</span> <span class='ocrx_word' id='word_1_132' title='bbox 598 1743 669 1784; x_wconf 92' lang='lat' dir='ltr'>hic</span> <span class='ocrx_word' id='word_1_133' title='bbox 693 1743 798 1790; x_wconf 87' lang='lat' dir='ltr'>odit,</span> <span class='ocrx_word' id='word_1_134' title='bbox 819 1749 868 1784; x_wconf 86' lang='lat' dir='ltr'>tu</span> <span class='ocrx_word' id='word_1_135' title='bbox 893 1743 1009 1796; x_wconf 82' lang='lat' dir='ltr'>quod</span> <span class='ocrx_word' id='word_1_136' title='bbox 1032 1742 1142 1783; x_wconf 73' lang='lat' dir='ltr'>facis</span> <span class='ocrx_word' id='word_1_137' title='bbox 1170 1742 1386 1795; x_wconf 87' lang='lat' dir='ltr'>improba,</span> <span class='ocrx_word' id='word_1_138' title='bbox 1411 1741 1583 1790; x_wconf 80' lang='lat' dir='ltr'>taedas,</span> 
     </span>
     <span class='ocr_line' id='line_1_22' title="bbox 352 1811 1416 1866; baseline -0.003 -12"><span class='ocrx_word' id='word_1_139' title='bbox 352 1814 448 1854; x_wconf 93' lang='lat' dir='ltr'>Nec</span> <span class='ocrx_word' id='word_1_140' title='bbox 471 1812 610 1854; x_wconf 85' lang='lat' dir='ltr'>semel</span> <span class='ocrx_word' id='word_1_141' title='bbox 634 1811 737 1853; x_wconf 91' lang='lat' dir='ltr'>huic</span> <span class='ocrx_word' id='word_1_142' title='bbox 761 1818 918 1866; x_wconf 87' lang='lat' dir='ltr'>pectus</span> <span class='ocrx_word' id='word_1_143' title='bbox 942 1811 1126 1865; x_wconf 88' lang='lat' dir='ltr'>cuspide</span> <span class='ocrx_word' id='word_1_144' title='bbox 1149 1811 1245 1852; x_wconf 86' lang='lat' dir='ltr'>fixit</span> <span class='ocrx_word' id='word_1_145' title='bbox 1269 1811 1416 1851; x_wconf 84' lang='lat' dir='ltr'>Amor.</span> 
     </span>
    </p>

    <p class='ocr_par' dir='ltr' id='par_1_10' title="bbox 293 1881 1544 2006">
     <span class='ocr_line' id='line_1_23' title="bbox 293 1881 1544 1935; baseline -0.002 -10"><span class='ocrx_word' id='word_1_146' title='bbox 293 1884 358 1925; x_wconf 88' lang='lat' dir='ltr'>Te</span> <span class='ocrx_word' id='word_1_147' title='bbox 381 1890 554 1925; x_wconf 86' lang='lat' dir='ltr'>castam</span> <span class='ocrx_word' id='word_1_148' title='bbox 578 1883 778 1925; x_wconf 89' lang='lat' dir='ltr'>vocitant</span> <span class='ocrx_word' id='word_1_149' title='bbox 807 1886 904 1933; x_wconf 86' lang='lat' dir='ltr'>(nec</span> <span class='ocrx_word' id='word_1_150' title='bbox 928 1882 1046 1924; x_wconf 94' lang='lat' dir='ltr'>enim</span> <span class='ocrx_word' id='word_1_151' title='bbox 1071 1882 1313 1923; x_wconf 89' lang='lat' dir='ltr'>manifesta</span> <span class='ocrx_word' id='word_1_152' title='bbox 1336 1881 1544 1935; x_wconf 84' lang='lat' dir='ltr'>negabo),</span> 
     </span>
     <span class='ocr_line' id='line_1_24' title="bbox 353 1952 1455 2006; baseline -0.003 -11"><span class='ocrx_word' id='word_1_153' title='bbox 353 1955 492 1996; x_wconf 86' lang='lat' dir='ltr'>Casta</span> <span class='ocrx_word' id='word_1_154' title='bbox 516 1954 591 1994; x_wconf 92' lang='lat' dir='ltr'>sed</span> <span class='ocrx_word' id='word_1_155' title='bbox 616 1959 698 2001; x_wconf 89' lang='lat' dir='ltr'>est,</span> <span class='ocrx_word' id='word_1_156' title='bbox 725 1967 858 2006; x_wconf 87' lang='lat' dir='ltr'>quam</span> <span class='ocrx_word' id='word_1_157' title='bbox 881 1953 949 1993; x_wconf 91' lang='lat' dir='ltr'>vir</span> <span class='ocrx_word' id='word_1_158' title='bbox 970 1967 1102 1994; x_wconf 90' lang='lat' dir='ltr'>nemo</span> <span class='ocrx_word' id='word_1_159' title='bbox 1125 1952 1289 1993; x_wconf 85' lang='lat' dir='ltr'>deusve</span> <span class='ocrx_word' id='word_1_160' title='bbox 1313 1957 1455 2004; x_wconf 82' lang='lat' dir='ltr'>rogat.</span> 
     </span>
    </p>

    <p class='ocr_par' dir='ltr' id='par_1_11' title="bbox 295 2020 1583 2145">
     <span class='ocr_line' id='line_1_25' title="bbox 295 2020 1583 2079; baseline -0.003 -15"><span class='ocrx_word' id='word_1_161' title='bbox 295 2023 405 2079; x_wconf 81' lang='lat' dir='ltr'>Quis</span> <span class='ocrx_word' id='word_1_162' title='bbox 427 2022 534 2064; x_wconf 90' lang='lat' dir='ltr'>velit</span> <span class='ocrx_word' id='word_1_163' title='bbox 558 2022 783 2076; x_wconf 84' lang='lat' dir='ltr'>amplecti,</span> <span class='ocrx_word' id='word_1_164' title='bbox 807 2037 918 2076; x_wconf 91' lang='lat' dir='ltr'>quos</span> <span class='ocrx_word' id='word_1_165' title='bbox 944 2028 1108 2075; x_wconf 86' lang='lat' dir='ltr'>gestas,</span> <span class='ocrx_word' id='word_1_166' title='bbox 1133 2020 1359 2075; x_wconf 83' lang='lat' dir='ltr'>Gorgonis</span> <span class='ocrx_word' id='word_1_167' title='bbox 1386 2033 1583 2073; x_wconf 86' lang='lat' dir='ltr'>angues;</span> 
     </span>
     <span class='ocr_line' id='line_1_26' title="bbox 355 2091 1350 2145; baseline -0.002 -13"><span class='ocrx_word' id='word_1_168' title='bbox 355 2093 407 2132; x_wconf 93' lang='lat' dir='ltr'>In</span> <span class='ocrx_word' id='word_1_169' title='bbox 431 2091 603 2133; x_wconf 89' lang='lat' dir='ltr'>scilicet</span> <span class='ocrx_word' id='word_1_170' title='bbox 625 2097 804 2132; x_wconf 89' lang='lat' dir='ltr'>vertunt</span> <span class='ocrx_word' id='word_1_171' title='bbox 831 2091 1054 2145; x_wconf 78' lang='lat' dir='ltr'>Gorgonis</span> <span class='ocrx_word' id='word_1_172' title='bbox 1077 2105 1154 2132; x_wconf 89' lang='lat' dir='ltr'>ora</span> <span class='ocrx_word' id='word_1_173' title='bbox 1177 2104 1350 2145; x_wconf 91' lang='lat' dir='ltr'>procos.</span> 
     </span>
    </p>

    <p class='ocr_par' dir='ltr' id='par_1_12' title="bbox 296 2157 1417 2284">
     <span class='ocr_line' id='line_1_27' title="bbox 296 2157 1417 2214; baseline -0.003 -12"><span class='ocrx_word' id='word_1_174' title='bbox 296 2162 382 2203; x_wconf 89' lang='lat' dir='ltr'>Sed</span> <span class='ocrx_word' id='word_1_175' title='bbox 406 2175 551 2214; x_wconf 88' lang='lat' dir='ltr'>neque</span> <span class='ocrx_word' id='word_1_176' title='bbox 573 2166 616 2201; x_wconf 89' lang='lat' dir='ltr'>te</span> <span class='ocrx_word' id='word_1_177' title='bbox 640 2166 812 2201; x_wconf 90' lang='lat' dir='ltr'>castam</span> <span class='ocrx_word' id='word_1_178' title='bbox 837 2160 981 2201; x_wconf 84' lang='lat' dir='ltr'>iacta:</span> <span class='ocrx_word' id='word_1_179' title='bbox 1016 2174 1104 2201; x_wconf 90' lang='lat' dir='ltr'>non</span> <span class='ocrx_word' id='word_1_180' title='bbox 1127 2174 1246 2201; x_wconf 90' lang='lat' dir='ltr'>vana</span> <span class='ocrx_word' id='word_1_181' title='bbox 1268 2157 1417 2200; x_wconf 87' lang='lat' dir='ltr'>mariti</span> 
     </span>
     <span class='ocr_line' id='line_1_28' title="bbox 354 2229 1278 2284; baseline -0.002 -13"><span class='ocrx_word' id='word_1_182' title='bbox 354 2231 511 2284; x_wconf 82' lang='lat' dir='ltr'>Pugna</span> <span class='ocrx_word' id='word_1_183' title='bbox 536 2229 621 2270; x_wconf 90' lang='lat' dir='ltr'>mei</span> <span class='ocrx_word' id='word_1_184' title='bbox 644 2236 810 2279; x_wconf 86' lang='lat' dir='ltr'>tecum,</span> <span class='ocrx_word' id='word_1_185' title='bbox 835 2244 917 2270; x_wconf 95' lang='lat' dir='ltr'>nec</span> <span class='ocrx_word' id='word_1_186' title='bbox 941 2229 1036 2270; x_wconf 89' lang='lat' dir='ltr'>sine</span> <span class='ocrx_word' id='word_1_187' title='bbox 1059 2229 1158 2271; x_wconf 88' lang='lat' dir='ltr'>labe</span> <span class='ocrx_word' id='word_1_188' title='bbox 1181 2229 1278 2270; x_wconf 89' lang='lat' dir='ltr'>fuit.</span> 
     </span>
    </p>

    <p class='ocr_par' dir='ltr' id='par_1_13' title="bbox 295 2297 1398 2410">
     <span class='ocr_line' id='line_1_29' title="bbox 295 2297 1398 2353; baseline -0.003 -12"><span class='ocrx_word' id='word_1_189' title='bbox 295 2300 508 2341; x_wconf 89' lang='lat' dir='ltr'>Testibus</span> <span class='ocrx_word' id='word_1_190' title='bbox 531 2299 706 2340; x_wconf 89' lang='lat' dir='ltr'>ancillis</span> <span class='ocrx_word' id='word_1_191' title='bbox 728 2305 829 2353; x_wconf 90' lang='lat' dir='ltr'>post</span> <span class='ocrx_word' id='word_1_192' title='bbox 853 2299 1021 2340; x_wconf 91' lang='lat' dir='ltr'>luctam</span> <span class='ocrx_word' id='word_1_193' title='bbox 1046 2298 1209 2353; x_wconf 87' lang='lat' dir='ltr'>prodiit</span> <span class='ocrx_word' id='word_1_194' title='bbox 1235 2297 1398 2348; x_wconf 85' lang='lat' dir='ltr'>infans,</span> 
     </span>
     <span class='ocr_line' id='line_1_30' title="bbox 355 2367 1279 2410; baseline -0.002 0"><span class='ocrx_word' id='word_1_195' title='bbox 355 2370 450 2410; x_wconf 89' lang='lat' dir='ltr'>Nec</span> <span class='ocrx_word' id='word_1_196' title='bbox 473 2368 584 2410; x_wconf 92' lang='lat' dir='ltr'>satis</span> <span class='ocrx_word' id='word_1_197' title='bbox 606 2368 801 2409; x_wconf 91' lang='lat' dir='ltr'>occuluit</span> <span class='ocrx_word' id='word_1_198' title='bbox 825 2368 938 2409; x_wconf 89' lang='lat' dir='ltr'>cista</span> <span class='ocrx_word' id='word_1_199' title='bbox 961 2368 1116 2409; x_wconf 91' lang='lat' dir='ltr'>dolosa</span> <span class='ocrx_word' id='word_1_200' title='bbox 1139 2367 1279 2408; x_wconf 85' lang='lat' dir='ltr'>nefas.</span> 
     </span>
    </p>

    <p class='ocr_par' dir='ltr' id='par_1_14' title="bbox 295 2435 1525 2561">
     <span class='ocr_line' id='line_1_31' title="bbox 295 2435 1525 2493; baseline -0.002 -14"><span class='ocrx_word' id='word_1_201' title='bbox 295 2438 492 2493; x_wconf 82' lang='lat' dir='ltr'>Virgone</span> <span class='ocrx_word' id='word_1_202' title='bbox 515 2445 615 2492; x_wconf 90' lang='lat' dir='ltr'>post</span> <span class='ocrx_word' id='word_1_203' title='bbox 639 2438 807 2480; x_wconf 90' lang='lat' dir='ltr'>luctam</span> <span class='ocrx_word' id='word_1_204' title='bbox 832 2438 1039 2480; x_wconf 89' lang='lat' dir='ltr'>mansisti</span> <span class='ocrx_word' id='word_1_205' title='bbox 1058 2439 1074 2480; x_wconf 75' lang='grc' dir='ltr'><em>Ρ</em></span> <span class='ocrx_word' id='word_1_206' title='bbox 1140 2437 1334 2491; x_wconf 83' lang='lat' dir='ltr'>Gignere</span> <span class='ocrx_word' id='word_1_207' title='bbox 1356 2435 1525 2490; x_wconf 90' lang='lat' dir='ltr'>prolem</span> 
     </span>
     <span class='ocr_line' id='line_1_32' title="bbox 354 2506 1290 2561; baseline -0.001 -13"><span class='ocrx_word' id='word_1_208' title='bbox 354 2509 422 2548; x_wconf 88' lang='lat' dir='ltr'>An</span> <span class='ocrx_word' id='word_1_209' title='bbox 446 2507 540 2548; x_wconf 90' lang='lat' dir='ltr'>sine</span> <span class='ocrx_word' id='word_1_210' title='bbox 564 2513 706 2549; x_wconf 90' lang='lat' dir='ltr'>matre</span> <span class='ocrx_word' id='word_1_211' title='bbox 730 2513 875 2561; x_wconf 89' lang='lat' dir='ltr'>potest</span> <span class='ocrx_word' id='word_1_212' title='bbox 900 2507 995 2548; x_wconf 88' lang='lat' dir='ltr'>sola</span> <span class='ocrx_word' id='word_1_213' title='bbox 1017 2506 1152 2549; x_wconf 89' lang='lat' dir='ltr'>libido</span> <span class='ocrx_word' id='word_1_214' title='bbox 1176 2506 1290 2548; x_wconf 82' lang='lat' dir='ltr'>viri?</span> 
     </span>
    </p>

    <p class='ocr_par' dir='ltr' id='par_1_15' title="bbox 296 2575 1439 2701">
     <span class='ocr_line' id='line_1_33' title="bbox 296 2575 1439 2630; baseline -0.003 -12"><span class='ocrx_word' id='word_1_215' title='bbox 296 2578 382 2619; x_wconf 86' lang='lat' dir='ltr'>Sed</span> <span class='ocrx_word' id='word_1_216' title='bbox 406 2583 578 2627; x_wconf 83' lang='lat' dir='ltr'>castam</span> <span class='ocrx_word' id='word_1_217' title='bbox 602 2583 646 2617; x_wconf 90' lang='lat' dir='ltr'>te</span> <span class='ocrx_word' id='word_1_218' title='bbox 669 2577 786 2630; x_wconf 85' lang='lat' dir='ltr'>finge</span> <span class='ocrx_word' id='word_1_219' title='bbox 805 2592 813 2617; x_wconf 73' lang='grc' dir='ltr'>ε</span> <span class='ocrx_word' id='word_1_220' title='bbox 847 2583 949 2618; x_wconf 91' lang='lat' dir='ltr'>tuos</span> <span class='ocrx_word' id='word_1_221' title='bbox 972 2590 1050 2617; x_wconf 90' lang='lat' dir='ltr'>cur</span> <span class='ocrx_word' id='word_1_222' title='bbox 1072 2576 1194 2629; x_wconf 82' lang='lat' dir='ltr'>cogis</span> <span class='ocrx_word' id='word_1_223' title='bbox 1217 2575 1439 2625; x_wconf 87' lang='lat' dir='ltr'>alumnos,</span> 
     </span>
     <span class='ocr_line' id='line_1_34' title="bbox 354 2645 1245 2701; baseline -0.002 -13"><span class='ocrx_word' id='word_1_224' title='bbox 354 2647 480 2701; x_wconf 84' lang='lat' dir='ltr'>Quae</span> <span class='ocrx_word' id='word_1_225' title='bbox 502 2646 581 2688; x_wconf 91' lang='lat' dir='ltr'>tibi</span> <span class='ocrx_word' id='word_1_226' title='bbox 605 2646 767 2687; x_wconf 90' lang='lat' dir='ltr'>cudisti</span> <span class='ocrx_word' id='word_1_227' title='bbox 790 2646 886 2688; x_wconf 91' lang='lat' dir='ltr'>iura</span> <span class='ocrx_word' id='word_1_228' title='bbox 909 2660 1062 2688; x_wconf 89' lang='lat' dir='ltr'>severa</span> <span class='ocrx_word' id='word_1_229' title='bbox 1085 2645 1245 2700; x_wconf 90' lang='lat' dir='ltr'>sequi?</span> 
     </span>
    </p>
   </div>
   <div class='ocr_carea' id='block_1_6' title="bbox 279 2748 997 2844">
    <p class='ocr_par' dir='ltr' id='par_1_16' title="bbox 279 2748 997 2844">
     <span class='ocr_line' id='line_1_35' title="bbox 279 2748 997 2790; baseline -0.003 -9"><span class='ocrx_word' id='word_1_230' title='bbox 279 2759 308 2790; x_wconf 83' lang='lat'>5.</span> <span class='ocrx_word' id='word_1_231' title='bbox 339 2750 432 2780; x_wconf 87' lang='lat' dir='ltr'>Mars</span> <span class='ocrx_word' id='word_1_232' title='bbox 450 2750 571 2790; x_wconf 86' lang='lat' dir='ltr'>pater.]</span> <span class='ocrx_word' id='word_1_233' title='bbox 616 2748 681 2787; x_wconf 77' lang='lat' dir='ltr'>i.e.,</span> <span class='ocrx_word' id='word_1_234' title='bbox 700 2748 809 2780; x_wconf 85' lang='lat' dir='ltr'>father</span> <span class='ocrx_word' id='word_1_235' title='bbox 825 2749 865 2780; x_wconf 88' lang='lat' dir='ltr'>of</span> <span class='ocrx_word' id='word_1_236' title='bbox 876 2748 997 2789; x_wconf 85' lang='lat' dir='ltr'>Cupid.</span> 
     </span>
     <span class='ocr_line' id='line_1_36' title="bbox 280 2803 841 2844; baseline -0.004 -8"><span class='ocrx_word' id='word_1_237' title='bbox 280 2814 308 2844; x_wconf 85' lang='lat'>5.</span> <span class='ocrx_word' id='word_1_238' title='bbox 339 2804 498 2844; x_wconf 87' lang='lat' dir='ltr'>Myrrhae</span> <span class='ocrx_word' id='word_1_239' title='bbox 516 2803 654 2844; x_wconf 67' lang='lat' dir='ltr'>proles]</span> <span class='ocrx_word' id='word_1_240' title='bbox 699 2803 841 2834; x_wconf 81' lang='lat' dir='ltr'>Adonis.</span> 
     </span>
    </p>
   </div>
   <div class='ocr_carea' id='block_1_7' title="bbox 264 2853 1739 2898">
    <p class='ocr_par' dir='ltr' id='par_1_17' title="bbox 264 2853 1739 2898">
     <span class='ocr_line' id='line_1_37' title="bbox 264 2853 1739 2898; baseline -0.004 -8"><span class='ocrx_word' id='word_1_241' title='bbox 264 2868 316 2898; x_wconf 86' lang='lat'>24.</span> <span class='ocrx_word' id='word_1_242' title='bbox 343 2859 506 2898; x_wconf 87' lang='lat' dir='ltr'>Scilicet.]</span> <span class='ocrx_word' id='word_1_243' title='bbox 563 2859 608 2889; x_wconf 86' lang='lat' dir='ltr'>So</span> <span class='ocrx_word' id='word_1_244' title='bbox 626 2858 683 2889; x_wconf 84' lang='lat' dir='ltr'>the</span> <span class='ocrx_word' id='word_1_245' title='bbox 703 2857 920 2898; x_wconf 86' lang='lat' dir='ltr'>Middelburg</span> <span class='ocrx_word' id='word_1_246' title='bbox 936 2857 1074 2889; x_wconf 79' lang='lat' dir='ltr'>edition.</span> <span class='ocrx_word' id='word_1_247' title='bbox 1125 2855 1219 2888; x_wconf 86' lang='lat' dir='ltr'>Read</span> <span class='ocrx_word' id='word_1_248' title='bbox 1235 2855 1342 2887; x_wconf 73' lang='lat' dir='ltr'>silices</span> <span class='ocrx_word' id='word_1_249' title='bbox 1359 2855 1407 2886; x_wconf 90' lang='lat' dir='ltr'>for</span> <span class='ocrx_word' id='word_1_250' title='bbox 1425 2859 1529 2886; x_wconf 84' lang='lat' dir='ltr'>metre</span> <span class='ocrx_word' id='word_1_251' title='bbox 1547 2853 1614 2885; x_wconf 84' lang='lat' dir='ltr'>and</span> <span class='ocrx_word' id='word_1_252' title='bbox 1630 2863 1739 2885; x_wconf 86' lang='lat' dir='ltr'>sense.</span> 
     </span>
    </p>
   </div>
   <div class='ocr_carea' id='block_1_8' title="bbox 261 2908 1484 2954">
    <p class='ocr_par' dir='ltr' id='par_1_18' title="bbox 261 2908 1484 2954">
     <span class='ocr_line' id='line_1_38' title="bbox 261 2908 1484 2954; baseline -0.004 -10"><span class='ocrx_word' id='word_1_253' title='bbox 261 2921 310 2954; x_wconf 86' lang='lat'>27.</span> <span class='ocrx_word' id='word_1_254' title='bbox 340 2911 468 2943; x_wconf 90' lang='lat' dir='ltr'>Prodiit</span> <span class='ocrx_word' id='word_1_255' title='bbox 486 2911 627 2952; x_wconf 66' lang='lat' dir='ltr'>infans]</span> <span class='ocrx_word' id='word_1_256' title='bbox 674 2911 749 2943; x_wconf 88' lang='lat' dir='ltr'>The</span> <span class='ocrx_word' id='word_1_257' title='bbox 765 2917 859 2952; x_wconf 90' lang='lat' dir='ltr'>story</span> <span class='ocrx_word' id='word_1_258' title='bbox 875 2911 914 2942; x_wconf 86' lang='lat' dir='ltr'>of</span> <span class='ocrx_word' id='word_1_259' title='bbox 927 2910 1170 2943; x_wconf 88' lang='lat' dir='ltr'>Erichthonius</span> <span class='ocrx_word' id='word_1_260' title='bbox 1190 2910 1223 2941; x_wconf 89' lang='lat' dir='ltr'>in</span> <span class='ocrx_word' id='word_1_261' title='bbox 1241 2908 1333 2941; x_wconf 86' lang='lat' dir='ltr'>Attic</span> <span class='ocrx_word' id='word_1_262' title='bbox 1350 2908 1484 2950; x_wconf 87' lang='lat' dir='ltr'>legend.</span> 
     </span>
    </p>
   </div>
   <div class='ocr_carea' id='block_1_9' title="bbox 1846 303 1930 345">
    <p class='ocr_par' dir='ltr' id='par_1_19' title="bbox 1846 303 1930 345">
     <span class='ocr_line' id='line_1_39' title="bbox 1846 303 1930 345; baseline -0.012 -10"><span class='ocrx_word' id='word_1_263' title='bbox 1846 303 1930 345; x_wconf 89' lang='lat'>215</span> 
     </span>
    </p>
   </div>
   <div class='ocr_carea' id='block_1_10' title="bbox 1877 1132 1931 1160">
    <p class='ocr_par' dir='ltr' id='par_1_20' title="bbox 1877 1132 1931 1160">
     <span class='ocr_line' id='line_1_40' title="bbox 1877 1132 1931 1160; baseline 0 0"><span class='ocrx_word' id='word_1_264' title='bbox 1877 1132 1931 1160; x_wconf 92' lang='lat'>10</span> 
     </span>
    </p>
   </div>
   <div class='ocr_carea' id='block_1_11' title="bbox 1879 1823 1933 1852">
    <p class='ocr_par' dir='ltr' id='par_1_21' title="bbox 1879 1823 1933 1852">
     <span class='ocr_line' id='line_1_41' title="bbox 1879 1823 1933 1852; baseline -0.019 0"><span class='ocrx_word' id='word_1_265' title='bbox 1879 1823 1933 1852; x_wconf 84' lang='lat'>20</span> 
     </span>
    </p>
   </div>
   <div class='ocr_carea' id='block_1_12' title="bbox 1877 2516 1931 2556">
    <p class='ocr_par' dir='ltr' id='par_1_22' title="bbox 1877 2516 1931 2556">
     <span class='ocr_line' id='line_1_42' title="bbox 1877 2516 1931 2556; baseline 0 -12"><span class='ocrx_word' id='word_1_266' title='bbox 1877 2516 1931 2556; x_wconf 79' lang='grc'>30</span> 
     </span>
    </p>
   </div>
  </div>
 </body>
</html>
