2228 3372
878 307 1226 338 MISCELLANEA.
1870 307 1951 349 253

149 412 330 454 CLXV.
392 412 478 453 DE
512 413 820 454 FOEDERE
855 413 1118 455 NUPERO
1151 412 1235 453 AD
1269 410 1505 454 SCOTOS
1540 411 1950 453 PARAENESIS.

324 526 489 569 Martia
510 542 634 581 gens,
659 527 799 569 oculis
822 527 965 569 multo
988 527 1096 569 mihi
1120 527 1261 570 carior
1282 526 1406 582 ipsis,

380 595 573 650 Tingere
596 596 701 651 quid
723 596 867 650 patrio
890 596 1108 652 sanguine
1138 596 1228 638 tela
1251 597 1415 650 paras?

325 666 445 707 Pone
467 680 634 707 nocens
656 666 819 708 ferrum
841 683 850 708 ε
885 681 1016 720 quam
1041 666 1319 708 formidabile
1342 665 1508 708 bellum

382 733 448 775 Sit
472 733 662 788 populis,
687 740 828 776 testes
854 735 1040 776 Rhenus
1063 740 1106 776 et
1129 734 1254 777 Albis
1277 741 1421 776 erunt.

322 803 470 844 Aurea
493 804 598 844 dum
622 803 752 845 terris
773 818 859 858 pax
882 810 1016 853 esset,
1039 804 1188 846 floruit
1211 819 1288 846 ora

379 872 612 923 Teutonis,
638 887 664 915 a
688 873 782 915 solo
805 875 999 916 Caesare
1023 874 1156 929 digna
1180 874 1283 928 regi.

325 941 512 983 Deliciis
535 942 718 984 Latium
743 944 981 997 superabat
1001 958 1010 992 3
1045 942 1265 984 Thessala
1287 942 1474 997 Tempe,

386 1010 536 1052 Prisca
558 1010 626 1053 vel
651 1011 824 1052 Alcinoi
848 1025 963 1061 rura,
989 1011 1124 1052 fuisse
1147 1017 1289 1065 putes.

325 1079 413 1121 Hic
436 1079 626 1121 fecunda
651 1080 796 1130 Pales,
821 1087 864 1121 et
887 1080 1058 1134 primae
1082 1080 1278 1122 consitor
1300 1094 1424 1130 uvae,

382 1150 442 1190 Et
469 1151 670 1191 Pomona
693 1150 830 1191 larem
856 1150 963 1199 fixit,
986 1156 1028 1191 et
1052 1150 1171 1191 alma
1195 1151 1343 1192 Ceres.
1905 1161 1957 1190 10

326 1218 464 1260 Dives
487 1225 581 1260 erat
604 1218 822 1273 populus;
858 1219 1058 1260 munitae
1081 1225 1123 1260 et
1147 1219 1380 1261 moenibus
1403 1219 1560 1268 urbes;

383 1289 442 1329 Et
467 1288 589 1342 digni
612 1302 829 1342 proavum
853 1294 1029 1342 sceptra
1051 1294 1201 1329 tenere
1224 1289 1373 1329 duces.

327 1358 454 1398 Haec
477 1372 653 1411 quoque
678 1357 903 1398 Pieridum
927 1359 1101 1407 domus,
1126 1363 1169 1398 et
1192 1357 1334 1399 tutela
1360 1356 1606 1406 Minervae,

383 1426 443 1467 Et
466 1425 568 1467 fidei
591 1425 752 1467 cultrix
775 1432 817 1467 et
841 1425 1022 1479 pietatis
1045 1432 1150 1468 erat.

325 1495 565 1536 Vastatam
589 1508 707 1536 nunc
733 1495 878 1536 Marte
900 1494 1036 1542 vides,
1058 1501 1101 1536 et
1124 1494 1328 1536 tristibus
1350 1493 1513 1543 armis;

384 1563 516 1606 Orbis
539 1569 582 1605 et
605 1563 904 1618 opprobrium,
927 1578 1041 1617 quae
1062 1563 1146 1604 fuit
1168 1570 1273 1604 ante
1295 1564 1442 1604 decus.

328 1635 380 1675 In
402 1648 554 1688 pecus,
579 1633 623 1675 in
646 1633 774 1683 vites,
799 1633 969 1688 patrios
992 1633 1078 1675 ruit
1102 1633 1245 1675 hostis
1268 1633 1311 1674 in
1335 1633 1500 1681 hortos,

386 1705 445 1744 Et
469 1710 644 1757 segetes
668 1703 823 1745 stricto
846 1702 1040 1744 vidimus
1062 1717 1168 1744 ense
1190 1702 1312 1744 meti.

327 1772 503 1827 Oppida
526 1787 627 1814 cum
651 1771 828 1827 populis
850 1771 1008 1814 evertit
1033 1771 1240 1815 Caesaris
1263 1771 1327 1813 ira
1347 1787 1355 1812 ε

386 1843 574 1883 Iunctus
598 1843 700 1883 Iber
721 1855 953 1896 procerum
978 1841 1196 1896 sanguine
1218 1840 1352 1882 tinxit
1375 1840 1575 1882 humum.
1909 1851 1963 1880 20

329 1905 481 1953 Pallas
503 1917 546 1952 et
569 1910 738 1952 Aoniae
762 1910 885 1952 lituis
907 1911 1058 1965 fugere
1081 1924 1255 1952 sorores
1275 1925 1283 1951 :

387 1979 521 2035 Fugit
544 1986 586 2021 et
611 1994 636 2022 a
659 1979 817 2021 castris
836 1994 937 2021 cum
961 1979 1129 2034 pietate
1152 1980 1273 2020 fides.

327 2048 473 2091 Teuto
496 2048 656 2103 quibus
679 2048 824 2103 periit,
847 2048 950 2102 fuge
973 2062 1083 2103 gens
1103 2047 1333 2102 Fergusia,
1359 2052 1502 2101 syrtes
1522 2061 1531 2087 :

389 2118 515 2160 Illius
537 2118 672 2160 exitio
694 2117 870 2160 cautius
894 2133 1018 2160 arma
1041 2117 1161 2159 time.

329 2190 444 2231 Sunt
467 2188 547 2230 tibi
570 2188 684 2230 ruris
707 2203 826 2242 opes,
844 2195 886 2229 et
910 2189 1068 2242 plenae
1091 2187 1262 2230 civibus
1285 2187 1443 2235 urbes;

387 2260 447 2300 Et
470 2273 673 2312 proceres
695 2258 827 2312 patrii
850 2257 1021 2299 lumina
1044 2272 1154 2312 pura
1177 2256 1270 2298 soli.

328 2327 454 2368 Atria
478 2341 559 2368 nec
582 2328 743 2368 desunt
768 2326 927 2376 Musis,
948 2340 1029 2368 nec
1051 2326 1221 2380 templa
1245 2324 1501 2373 Minervae;

388 2397 447 2437 Et
471 2395 654 2437 delubra
679 2397 826 2437 Deum
851 2395 982 2450 plena
1001 2395 1157 2437 nitoris
1180 2395 1329 2437 habes.

331 2467 454 2507 Mars
477 2466 614 2507 semel
638 2480 855 2508 accensus
877 2465 1165 2520 populabitur
1187 2465 1337 2506 omnia
1359 2463 1554 2506 flammis
1575 2478 1582 2505 :

389 2535 622 2585 Flectitur,
647 2535 704 2577 ah
725 2535 732 2576 l
767 2535 892 2577 nulla
915 2534 1070 2576 militis
1092 2534 1157 2576 ira
1179 2549 1319 2589 prece.
1910 2544 1965 2584 30

331 2604 552 2658 Exemplo
574 2619 790 2659 proavum
814 2604 905 2646 noli
929 2618 1104 2659 sperare
1127 2603 1382 2658 triumphos
1401 2618 1411 2653 ;

315 2716 345 2748 5.
375 2708 465 2739 Dum
482 2717 547 2749 pax
563 2708 683 2747 esset.]
729 2707 783 2740 On
801 2707 869 2739 this
886 2716 1055 2749 sequence
1072 2707 1156 2738 after
1174 2709 1193 2723 “
1205 2706 1324 2746 dum‚”
1341 2716 1397 2738 see
1412 2705 1489 2738 Vol.
1512 2705 1538 2736 I.
1557 2715 1589 2746 p.
1607 2713 1659 2745 55,
1677 2714 1725 2741 n.,
1743 2703 1764 2737 1.
1784 2714 1813 2744 3.

298 2773 346 2804 17.
375 2764 414 2794 In
432 2773 546 2804 pecus,
565 2762 599 2794 in
615 2763 731 2803 vites.]
776 2763 851 2795 The
869 2763 1104 2795 devastations
1120 2772 1165 2794 on
1183 2762 1241 2794 the
1260 2760 1450 2793 Rhineland
1469 2760 1537 2792 had
1560 2760 1646 2792 been
1663 2759 1805 2800 forcibly
1820 2759 1967 2800 brought

157 2817 259 2850 home
275 2822 311 2849 to
327 2817 510 2859 Johnston,
528 2828 566 2849 as
583 2817 616 2848 in
635 2817 805 2849 Gordon's
822 2818 918 2850 Scots
935 2817 1079 2859 Affzzirs,
1099 2817 1124 2848 Ι.
1144 2827 1198 2858 pp.
1219 2826 1330 2857 32-34‚
1348 2815 1525 2856 including
1542 2814 1643 2846 Latin
1662 2819 1741 2846 note
1758 2819 1793 2845 at
1810 2813 1912 2846 close.

296 2882 347 2903 20.
374 2873 516 2904 Iunctus
534 2872 638 2912 Iber.]
684 2872 760 2904 The
779 2871 946 2914 Spaniard
963 2871 1082 2904 sei-ved
1101 2871 1134 2902 in
1159 2871 1217 2902 the
1242 2870 1401 2912 Imperial
1425 2870 1503 2901 host
1526 2869 1558 2899 in
1584 2869 1758 2909 Germany
1781 2867 1967 2908 (Schiller’s

163 2926 400 2959 Wallcnsteins
417 2927 541 2968 Lager,
559 2926 579 2958 l.
604 2927 687 2966 145).
