2228 3372
933 285 1185 315 EPIGRAMS.
1882 291 1963 333 205

158 381 211 431 by
240 382 309 420 the
341 382 419 421 law
439 381 485 421 of
510 382 602 432 fate,
632 384 730 423 then
763 385 873 424 learn
906 387 1020 434 thou,
1044 388 1079 426 O
1115 388 1205 436 Sea,
1228 395 1270 427 to
1302 387 1377 428 feel
1410 389 1607 436 emotion‚
1634 404 1680 428 as
1712 391 1747 428 is
1779 399 1901 438 meet,
1925 393 1965 430 in

157 447 312 485 human
339 449 470 487 mode.
531 450 608 488 Let
639 451 753 489 there
784 452 833 490 be
864 466 888 490 a
919 453 1099 503 heaving
1130 454 1171 492 in
1203 455 1273 493 the
1305 455 1441 493 breast
1462 455 1508 493 of
1534 456 1603 494 the
1625 456 1740 505 deep,
1764 458 1864 495 such
1888 457 1968 495 soft

157 512 339 550 emotion
372 527 418 551 as
450 527 474 551 a
505 515 616 553 lover
642 514 755 563 feels,
778 518 858 555 and
890 518 945 556 let
976 519 1089 557 there
1117 520 1165 558 be
1196 533 1249 558 no
1279 520 1450 559 clouded
1471 522 1582 560 brow
1602 534 1646 559 or
1666 520 1752 559 face
1772 522 1968 561 wrinkled

156 577 256 616 with
291 577 454 618 frowns.
526 580 634 627 And,
664 594 715 631 ye
750 582 868 621 fierce
902 584 1049 631 winds,
1081 584 1114 622 if
1139 586 1364 635 perchance
1397 599 1448 636 ye
1483 599 1588 636 open
1625 588 1807 633 mouths,
1844 588 1910 633 ah,
1950 588 1966 625 Ι

157 645 330 683 beseech
359 658 455 695 you,
483 647 621 695 propel
651 647 720 686 the
751 649 850 686 sails
879 649 979 688 with
1009 651 1147 699 gentle
1175 652 1328 690 breath.
1391 653 1504 690 Each
1536 652 1745 702 behaving
1774 651 1875 690 after
1904 652 1969 690 his

157 722 249 749 own
271 723 451 757 courseS‚
474 711 529 749 let
556 712 655 750 both
677 714 865 762 conspire
886 715 975 753 that
1003 728 1072 765 my
1094 717 1186 766 lady
1207 716 1336 755 friend
1358 730 1453 767 may
1475 718 1593 756 reach
1624 718 1696 756 her
1725 718 1860 756 haven
1883 717 1968 756 safe

157 776 238 813 and
260 776 404 814 sound.
466 777 522 815 So
543 790 566 814 a
587 790 790 826 generous
811 792 918 817 error
933 780 1015 818 will
1033 781 1224 819 extricate
1246 795 1315 832 my
1337 782 1430 832 lady
1451 781 1553 820 from
1574 795 1655 833 you
1678 783 1790 829 both,
1815 784 1894 821 and
1917 783 1970 821 let

156 841 257 879 each
281 841 424 880 Power
448 841 667 881 thereafter
688 844 785 881 rush
807 844 1015 895 headlong
1035 858 1087 883 on
1110 846 1150 883 in
1173 846 1238 884 his
1260 860 1351 886 own
1372 847 1467 886 wild
1488 861 1588 898 way.

273 1220 536 1262 CXLVIII,
592 1221 678 1262 DE
718 1222 973 1264 DOMINA
1007 1224 1396 1275 NAVIGANTE,
1433 1227 1518 1267 EX
1550 1227 1847 1270 ANGLICO.

330 1344 448 1388 Diva
468 1345 591 1388 vale:
625 1352 811 1401 parcant
834 1347 988 1389 oculos
1011 1347 1120 1389 mihi
1143 1363 1240 1390 rore
1262 1355 1489 1392 tumentes

385 1416 605 1470 Aequora,
629 1416 698 1458 vel
721 1416 916 1470 gemitus
940 1432 1048 1459 aura
1070 1418 1231 1460 referre
1254 1433 1387 1460 meos.

330 1485 417 1526 Sed
440 1492 612 1540 spectet
636 1492 680 1527 te
703 1486 867 1528 blanda
890 1487 955 1528 tui
979 1486 1138 1529 Thetis
1162 1488 1338 1530 aemula
1360 1489 1526 1538 vultus,

387 1554 572 1597 Leniter
593 1561 636 1597 et
660 1555 783 1597 molli
807 1555 943 1610 spiret
968 1556 1011 1597 in
1035 1571 1140 1598 aure
1170 1558 1326 1599 Notus.

329 1626 397 1666 Ne
421 1625 519 1679 quis
541 1625 585 1667 in
611 1627 791 1668 Oceano
813 1626 979 1668 fluctus
1002 1641 1048 1668 se
1072 1627 1272 1669 sublevet
1296 1628 1455 1677 audaX,

386 1698 672 1751 Coneturque
695 1703 773 1739 tuo
796 1697 1048 1740 comminus
1071 1713 1145 1740 ore
1166 1698 1262 1740 frui.

327 1766 396 1807 Ah
419 1781 586 1818 vereor,
611 1782 666 1809 ne
689 1768 795 1821 figat
819 1768 958 1809 Amor
979 1768 1257 1822 fluctumque
1286 1769 1547 1822 Notumque

386 1837 446 1878 Et
470 1836 602 1878 simul
626 1836 863 1893 insurgens
885 1838 1035 1879 turbet
1058 1844 1245 1892 uterque
1268 1838 1446 1880 fretum.

327 1907 456 1961 Quod
480 1906 516 1948 si
538 1906 634 1961 figit
656 1908 794 1948 Amor
815 1907 1010 1949 fatorum
1034 1907 1144 1962 lege,
1170 1908 1350 1958 moveri,

387 1977 450 2018 Ut
473 1977 614 2027 decet,
639 1977 842 2031 exemplo
865 1983 929 2026 tu,
955 1991 1092 2027 mare,
1118 1977 1238 2019 disce
1262 1992 1376 2018 meo.
1913 1990 1965 2018 1o

327 2045 394 2088 Sit
418 2046 576 2101 pelago
599 2053 764 2097 motus,
789 2047 952 2089 blando
975 2048 1051 2089 sed
1075 2047 1220 2102 qualis
1242 2047 1412 2089 amanti
1438 2053 1520 2097 est,

385 2115 553 2158 Nubila
575 2130 655 2158 nec
677 2115 799 2157 frons
822 2115 893 2166 sit,
919 2130 1000 2157 nec
1023 2123 1232 2171 caperata
1255 2116 1399 2158 minis.

327 2185 507 2240 Vosque
530 2191 680 2228 truces
702 2185 838 2236 venti,
864 2185 900 2227 si
924 2186 1072 2228 forsan
1097 2186 1270 2228 solvitis
1292 2200 1383 2236 ora,

384 2253 475 2304 Ah,
499 2268 668 2308 precor,
693 2254 764 2304 ah,
790 2254 940 2296 anima
963 2255 1115 2309 pellite
1137 2255 1235 2296 vela
1258 2255 1353 2296 levi.

325 2323 525 2378 Quisque
548 2338 629 2365 suo
652 2338 699 2365 se
722 2338 843 2365 more
865 2338 1037 2378 gerens,
1064 2324 1287 2379 conspiret
1311 2330 1512 2378 uterque,

384 2394 549 2448 Sospes
571 2400 619 2435 ut
642 2392 687 2434 in
710 2400 889 2448 portum
912 2394 1053 2448 possit
1077 2394 1221 2436 amica
1243 2393 1360 2436 vehi.

325 2462 399 2505 Sic
421 2463 648 2506 dominam
671 2462 797 2505 vobis
819 2477 1063 2518 generosus
1085 2463 1319 2506 subtrahet
1343 2477 1476 2513 error,

384 2533 526 2588 Inque
548 2547 679 2575 suum
703 2532 888 2575 exitium
912 2547 1080 2587 pronus
1102 2540 1289 2588 uterque
1313 2538 1424 2574 ruat.
