2228 3372
313 297 396 338 254

1041 288 1384 320 MISCELLANEA.

544 398 632 440 Hei
656 398 764 439 mihi
785 398 792 438 !
827 410 945 437 nunc
968 408 1057 436 non
1081 408 1141 443 es,
1168 391 1332 441 Scotia,
1354 391 1499 446 qualis
1521 405 1633 433 eras.

487 468 656 509 Bellica
679 481 787 520 gens
810 464 938 506 audis
957 479 966 512 ;
1002 463 1078 504 sed
1101 461 1204 503 belli
1227 460 1438 503 exstinxit
1462 474 1660 501 amorem

544 537 701 589 Longa
724 534 848 589 quies
868 549 876 574 :
911 532 1046 574 etiam
1070 530 1250 585 segnius
1273 543 1397 571 arma
1419 543 1561 583 paras.

488 604 656 653 Mollia,
681 602 716 643 si
740 601 899 650 nescis,
924 605 1136 642 enervant
1159 598 1250 639 otia
1267 597 1412 639 vires:

544 672 701 714 Militis
724 678 766 713 et
789 670 996 725 sagulum
1019 670 1151 710 turba
1172 674 1327 722 togata
1348 667 1473 722 fugit.

485 743 633 796 Aliger
657 741 925 782 Ichnobates
947 739 997 780 fit
1019 737 1310 780 desuetudine
1332 738 1487 779 tardus
1506 751 1516 786 ;

543 813 633 852 Bos
656 810 759 864 iuga
782 814 994 850 retractat
1015 822 1023 856 ;
1057 807 1182 848 frena
1204 812 1381 848 recusat
1404 820 1556 860 equus.

487 880 626 933 Finge
650 880 725 920 sed
749 885 952 932 expertos
974 876 1104 926 bello,
1129 876 1400 930 iuvenesque
1423 889 1641 929 senesque

544 951 771 1004 Quotquot
796 948 932 988 habes
952 961 961 995 ;
995 946 1112 996 belli,
1138 945 1206 987 dic
1229 959 1322 999 age,
1345 959 1508 986 nervus
1530 945 1604 986 ubi
1627 944 1729 986 est?

487 1020 587 1060 Non
609 1017 689 1059 tibi
715 1016 884 1059 Pactoli
908 1015 1040 1058 rutilo
1064 1014 1162 1056 fluit
1185 1014 1339 1056 alveus
1363 1028 1486 1063 auro,

542 1088 630 1128 Aut
654 1086 807 1141 Tagus
829 1092 906 1127 aut
929 1084 1086 1126 sitiens
1111 1084 1240 1125 India
1263 1083 1402 1124 mittit
1426 1097 1546 1137 opes.

486 1156 531 1198 Si
555 1170 704 1210 pecus,
729 1161 771 1196 et
795 1160 984 1209 segetes,
1009 1160 1051 1194 et
1075 1167 1188 1206 quae
1211 1153 1294 1193 fert
1318 1151 1445 1201 retia,
1470 1153 1639 1200 demas,

542 1225 612 1266 Tu
635 1224 696 1265 nil
720 1223 936 1265 militibus
959 1223 1076 1276 quod
1098 1228 1358 1263 numeretur
1379 1221 1529 1262 habes.

487 1293 672 1336 Praedia
695 1292 756 1334 nil
778 1298 954 1347 praeter
975 1284 1161 1333 restabit
1185 1289 1325 1331 milite
1348 1289 1532 1344 dignum
1555 1303 1562 1330 :

545 1364 671 1404 Haec
695 1376 869 1416 quoque
891 1360 1071 1402 victoris
1094 1359 1294 1414 praemia
1315 1359 1465 1400 forsan
1488 1365 1628 1400 erunt.

487 1433 573 1474 Sed
597 1446 740 1485 neque
763 1430 934 1472 turritis
957 1430 1198 1483 cinguntur
1222 1428 1454 1470 moenibus
1478 1428 1634 1478 urbes;

546 1500 725 1542 Moenia
746 1500 829 1549 vel,
855 1499 891 1541 si
915 1514 1028 1553 quae
1051 1498 1205 1546 cernis,
1229 1497 1378 1539 hiulca
1400 1497 1534 1538 vides.

487 1572 593 1619 Nec,
616 1569 775 1624 quibus
798 1582 963 1623 aequor
986 1582 1100 1617 aras,
1126 1574 1360 1609 armantur
1383 1565 1523 1607 milite
1546 1579 1717 1620 puppes
1736 1579 1745 1615 ;

544 1639 710 1680 Navita
731 1638 941 1680 vulnifico
963 1652 1044 1679 nec
1067 1636 1178 1691 tegit
1202 1651 1306 1678 ense
1329 1636 1458 1677 latus.
1533 1681 1538 1684 λ

488 1710 582 1750 Nec
605 1707 686 1750 tibi
707 1707 776 1749 vel
799 1713 942 1748 rostro
965 1705 1092 1748 navis
1114 1705 1303 1755 munita,
1328 1718 1409 1746 nec
1432 1703 1582 1754 armis,

545 1777 707 1832 Qualia
730 1776 977 1831 Cyclopum
1001 1781 1105 1816 sunt
1128 1773 1344 1816 fabricata
1368 1787 1519 1814 manu.

489 1846 613 1888 Mille
635 1852 755 1887 rates
776 1845 903 1894 inter,
924 1844 1089 1886 fluctus
1110 1843 1183 1885 vix
1206 1842 1297 1884 ulla
1319 1841 1528 1891 marinos,

546 1916 632 1957 Vix
654 1915 925 1957 insultantes
948 1913 1140 1956 sustinet
1164 1912 1255 1955 ulla
1278 1918 1412 1954 rates.

490 1986 589 2026 Hoc
613 1999 788 2038 quoque
810 1990 1049 2038 pensetur:
1084 1981 1217 2024 dubio
1239 1983 1474 2023 decernere
1499 1981 1646 2022 Marte

547 2055 649 2096 Non
673 2053 851 2095 dubitas
871 2069 879 2094 :
913 2052 1036 2094 nasci
1059 2053 1111 2093 de
1135 2053 1246 2093 duce
1269 2051 1362 2092 rixa
1384 2056 1543 2104 potest.

489 2123 592 2163 Dux
615 2128 708 2163 erat
733 2121 908 2176 Argivis
932 2120 1169 2162 Graiorum
1201 2119 1422 2160 maximus
1442 2135 1451 2160 :
1485 2118 1603 2160 inter

547 2190 671 2232 Mille
694 2204 836 2244 pares,
860 2188 962 2231 belli
986 2189 1099 2242 quis,
1124 2203 1244 2243 rogo,
1269 2189 1427 2230 ductor
1447 2187 1529 2229 erit
1550 2188 1566 2228 ?

490 2262 609 2301 Dum
633 2267 775 2314 potes,
799 2267 842 2300 et
865 2259 932 2300 fas
955 2266 1034 2308 est,
1055 2258 1256 2313 fragilem
1281 2264 1346 2299 tot
1369 2257 1580 2299 fluctibus
1602 2257 1755 2298 alnum

547 2329 682 2383 Eripe
702 2344 710 2369 :
745 2328 908 2369 festina
931 2327 1088 2381 collige
1110 2327 1208 2369 vela
1231 2341 1382 2368 manu.

491 2400 585 2439 Rex
609 2397 744 2447 iubet,
769 2397 927 2438 illustri
953 2398 1187 2439 Scotorum
1212 2395 1430 2451 sanguine
1454 2402 1629 2438 cretus:

547 2468 613 2510 Sit
637 2469 791 2522 pudor,
816 2467 1000 2509 alterius
1023 2467 1145 2508 iussa
1168 2467 1236 2508 vel
1260 2481 1384 2508 arma
1407 2465 1543 2520 sequi.

491 2539 610 2579 Pone
634 2537 778 2578 minas
798 2551 807 2586 ;
840 2536 996 2578 veniae
1019 2536 1142 2578 locus
1165 2543 1232 2577 est
1253 2551 1262 2577 ε
1297 2536 1412 2577 hanc
1435 2535 1596 2577 obtulit
1619 2534 1736 2576 ultro

548 2607 750 2656 Carolus,
774 2613 832 2656 et,
852 2620 1006 2661 pacem
1031 2607 1136 2647 dum
1159 2605 1284 2660 petit,
1309 2619 1434 2647 arma
1457 2603 1615 2659 quatit.

492 2675 616 2717 Illius
639 2675 852 2729 auspiciis
875 2675 1026 2716 hostes
1049 2674 1257 2717 exscinde
1277 2690 1286 2716 :
1320 2673 1511 2729 sagittas

546 2745 739 2800 Tingere
761 2745 957 2786 fraterno
980 2744 1208 2799 sanguine,
1229 2751 1358 2799 turpe
1380 2751 1501 2798 puta.

492 2816 634 2869 Saepe
656 2814 736 2857 tibi
760 2814 962 2870 iugulum
986 2814 1246 2869 peregrinus
1269 2813 1472 2868 praebuit
1495 2811 1639 2854 hostis
1658 2826 1668 2862 ;

549 2883 711 2934 Scotia,
733 2897 850 2925 nunc
873 2883 1003 2933 iusto,
1025 2884 1131 2924 dum
1155 2881 1274 2932 furis,
1297 2882 1425 2923 hoste
1447 2895 1583 2923 cares,

446 2983 498 3014 37.
525 2973 756 3013 Ichnobates]
802 2972 941 3014 Species
957 2973 997 3005 of
1008 2971 1137 3004 bound.

2062 958 2118 998 40

2067 2325 2121 2367 60
