2228 3372
395 312 476 353 160
1113 319 1469 350 EPIGRAMMATA.

869 425 1054 469 CXXV.
1102 424 1188 465 DE
1222 423 1427 466 SCENA
1460 422 1721 464 MARINA.

569 542 813 584 Lucrinum
838 541 1092 595 quicunque
1115 540 1262 581 lacum
1285 538 1353 580 vel
1377 545 1538 592 stagna
1561 538 1754 580 Neronis

626 611 844 665 Adspicis,
870 609 1020 650 Arctoi
1044 609 1219 663 suspice
1245 608 1383 662 Regis
1405 622 1526 662 opus.

571 683 642 722 En
666 694 807 721 novus
831 680 1038 720 Oceanus
1064 678 1210 719 media
1233 692 1279 718 se
1301 684 1449 718 versat
1472 677 1516 718 in
1540 677 1656 727 aula,

627 751 815 791 Aestuat
840 754 882 789 et
906 747 1012 789 tecti
1036 747 1177 788 limite
1200 747 1353 788 clausa
1375 746 1549 788 Thetis.

571 820 654 860 Est
677 832 797 859 mare
821 816 1090 866 caeruleum,
1114 815 1314 857 flavescit
1338 815 1465 857 littus
1487 814 1649 866 arenis,

630 889 753 929 Inter
774 901 914 941 aquas
937 900 1092 927 musco
1115 900 1221 927 saxa
1244 885 1384 927 virere
1407 884 1544 926 vides.

572 959 703 1000 Nunc
726 962 918 1011 aequata
940 956 1070 1006 iacet,
1094 970 1213 997 nunc
1236 955 1358 996 nullo
1381 954 1557 997 concita
1578 962 1713 997 vento

629 1026 795 1080 Surgit,
820 1032 862 1067 et
887 1026 1082 1067 alternos
1106 1024 1273 1079 colligit
1298 1025 1416 1066 unda
1439 1024 1578 1066 sinus.

572 1099 703 1139 Nunc
724 1096 872 1138 fremit
896 1097 1146 1145 ardescens,
1171 1102 1213 1137 et
1237 1095 1385 1149 pulsat
1408 1095 1620 1137 fluctibus
1641 1102 1776 1146 astra,

630 1167 761 1208 Nunc
784 1164 902 1206 iures
926 1165 1094 1220 Stygiis
1117 1178 1309 1218 aequora
1332 1164 1471 1205 mixta
1493 1164 1633 1206 vadis.
2147 1175 2200 1205 10

575 1237 669 1277 Nec
692 1236 853 1277 desunt
878 1248 958 1275 sua
980 1234 1079 1275 vela
1102 1233 1228 1283 mari,
1253 1247 1334 1274 nec
1360 1232 1526 1283 navita,
1550 1247 1722 1287 puppes

632 1304 718 1360 Qui
741 1310 879 1358 regat,
905 1309 981 1345 aut
1005 1302 1151 1357 glauci
1175 1302 1364 1344 buccina
1386 1308 1503 1344 torta
1528 1301 1628 1343 Dei.

574 1373 686 1415 Vela
708 1372 867 1414 Thetis
890 1387 979 1414 non
1003 1379 1104 1414 acta
1128 1371 1272 1422 Notis,
1297 1372 1411 1413 vada
1433 1371 1614 1426 byssina
1638 1371 1813 1413 Nereus

632 1445 721 1486 Hic
744 1451 910 1498 stupet,
935 1451 977 1486 et
1001 1444 1143 1486 siccas
1166 1443 1370 1498 aequoris
1393 1449 1550 1485 auctor
1571 1457 1725 1497 aquas.

577 1516 654 1556 Ius
676 1513 837 1568 pelagi,
864 1515 974 1563 Rex,
999 1527 1129 1554 omne
1152 1519 1279 1554 tuum
1304 1518 1385 1562 est,
1411 1512 1484 1566 qui
1508 1512 1686 1554 caerula
1708 1518 1827 1554 tecto

633 1583 830 1633 Claudis,
856 1589 898 1624 et
924 1583 1142 1632 Oceanos,
1168 1597 1268 1624 cum
1292 1581 1429 1632 lubet,
1454 1581 1548 1636 ipse
1569 1581 1693 1623 facis.

694 1816 905 1858 CXXVI.
950 1815 1032 1856 ΟΝ
1068 1815 1105 1855 Α
1141 1815 1350 1856 ROYAL
1390 1812 1574 1856 HUNT
1608 1814 1920 1856 IMPEDED.

1180 1961 1435 1987 ARGUMENT.

514 2064 593 2101 His
614 2063 778 2101 hounds
798 2063 867 2100 the
890 2062 1002 2111 King
1021 2068 1156 2100 wants
1186 2068 1228 2099 to
1257 2061 1361 2099 train
1385 2061 1424 2098 in
1446 2061 1641 2110 coursing
1661 2060 1762 2100 after
1782 2062 1914 2109 hares,
1937 2063 2016 2101 and
2044 2062 2209 2112 against

403 2131 473 2169 the
494 2129 612 2167 timid
634 2141 755 2177 game
776 2128 826 2165 he
848 2140 1037 2177 prepares
1058 2134 1099 2165 to
1121 2139 1251 2164 move.
1314 2126 1523 2176 Suddenly
1544 2140 1567 2164 a
1587 2133 1740 2165 torrent
1760 2126 1806 2165 of
1822 2127 1908 2165 rain
1929 2139 2068 2166 comes
2088 2128 2207 2166 down

404 2194 507 2233 from
526 2195 628 2244 jove
658 2193 738 2230 and
768 2193 950 2242 compels
980 2192 1048 2230 the
1081 2192 1192 2241 King
1221 2198 1262 2229 to
1294 2198 1386 2240 stop
1416 2191 1480 2228 his
1510 2204 1663 2230 course.
1723 2192 1788 2230 On
1809 2192 1879 2231 the
1902 2192 2048 2242 King's
2079 2192 2209 2231 shield

401 2261 504 2311 Jove
534 2260 614 2298 had
646 2272 739 2297 seen
763 2272 786 2296 a
809 2258 951 2296 Lion's
979 2257 1197 2307 capacious
1219 2257 1377 2303 mouth,
1400 2257 1493 2303 and,
1517 2257 1577 2295 for
1598 2258 1697 2296 such
1727 2271 1750 2296 a
1781 2271 1901 2305 maw,
1923 2271 1947 2296 a
1967 2258 2064 2298 hare
2085 2258 2120 2297 is
2140 2265 2209 2298 too

407 2338 505 2375 poor
525 2338 548 2362 a
569 2337 675 2374 prey.

639 2464 846 2506 CXXVI.
894 2465 981 2505 DE
1014 2434 1390 2506 VENATIONE
1426 2464 1618 2507 REGIS
1652 2463 1979 2506 IMPEDITA.

586 2582 706 2624 Dum
730 2580 930 2634 leporum
955 2593 1086 2621 cursu
1111 2579 1231 2634 cupit
1255 2593 1456 2621 exercere
1480 2579 1710 2629 molossos,

642 2651 701 2691 Et
725 2655 852 2704 parat
876 2649 920 2690 in
944 2648 1100 2690 molles
1123 2648 1311 2690 Carolus
1333 2648 1394 2690 ire
1419 2648 1560 2698 feras3

585 2720 687 2761 Non
711 2724 993 2773 exspectatos
1015 2717 1200 2759 effundit
1224 2719 1413 2772 desuper
1434 2718 1597 2760 imbres

643 2787 856 2841 Iuppiter,
881 2793 923 2828 et
950 2788 1117 2839 Regem
1142 2786 1298 2827 sistere
1320 2786 1437 2840 cogit
1461 2785 1558 2827 iter.

585 2856 768 2898 Viderat
792 2855 835 2896 in
860 2855 1001 2909 clipeo
1026 2855 1163 2909 Regis
1185 2855 1383 2909 spatiosa
1405 2854 1546 2896 leonis

644 2926 748 2975 Ora,
774 2924 935 2979 quibus
958 2938 1046 2965 non
1069 2930 1136 2965 est
1160 2925 1323 2978 praeda
1347 2930 1415 2965 sat
1439 2923 1589 2979 ampla
1610 2923 1751 2980 lepus.
