2228 3372
304 284 358 325 88
1031 289 1391 321 EPIGRAMMATA.

306 988 427 1028 CVI.
464 987 550 1026 DE
588 985 888 1027 POEMATE
923 986 1122 1028 SACRO
1155 986 1463 1027 ANDREAE
1498 984 1776 1025 RAMSAEI
1810 981 2113 1023 PASTORIS

937 1066 1485 1108 EDINBURGENSIS.

474 1225 558 1267 Cui
583 1226 795 1267 blandum
819 1225 1041 1279 aspiciens
1064 1226 1266 1267 nascenti
1291 1225 1386 1267 risit
1413 1225 1585 1279 Apollo,

535 1296 770 1349 Doctaque
794 1283 993 1337 Castalio
1016 1295 1178 1349 proluit
1201 1310 1278 1337 ora
1301 1296 1427 1344 laeu;

473 1366 561 1405 Aut
586 1364 694 1405 levis
718 1364 945 1405 incautam
970 1378 1100 1405 versu
1128 1365 1285 1406 lenone
1310 1364 1536 1406 iuventam

532 1434 584 1474 In
608 1433 797 1475 Veneris
820 1448 969 1475 casses
992 1433 1264 1488 insidiasque
1291 1434 1428 1475 trahit
1449 1449 1458 1483 3

473 1503 562 1544 Aut
587 1503 703 1544 bona
723 1502 901 1544 vesanis
924 1502 1187 1557 impendens
1210 1503 1301 1544 otia
1323 1503 1449 1545 bellis

533 1572 698 1622 Saevit,
723 1580 765 1613 et
789 1572 956 1614 Aonias
979 1573 1196 1627 sanguine
1218 1573 1365 1614 foedat
1389 1587 1543 1626 aquas.

473 1641 632 1694 Spreta
654 1640 768 1682 iacet
791 1641 960 1695 pietas;
996 1648 1071 1683 aut
1095 1642 1131 1682 si
1155 1657 1284 1695 quem
1308 1643 1419 1684 forte
1442 1648 1618 1696 poetam

532 1709 758 1763 Repperit,
784 1709 887 1751 huic
910 1709 1083 1751 miseris
1105 1710 1260 1752 stridet
1283 1725 1424 1752 avena
1446 1710 1604 1751 modis.

474 1780 723 1820 Ramsaeus
745 1779 977 1833 scopulum
1002 1781 1196 1834 prudens
1223 1779 1414 1822 declinat
1441 1786 1694 1833 utrumque,

531 1847 768 1901 Dignaque
791 1849 866 1890 dat
893 1849 1036 1890 Musis
1058 1849 1270 1898 carmina,
1295 1849 1429 1903 digna
1454 1850 1565 1890 Deo.
2057 1859 2110 1887 10

475 1916 562 1957 Hic
586 1916 689 1970 iuga
714 1917 925 1958 Parnassi
949 1923 1108 1958 coeunt
1133 1932 1234 1958 cum
1259 1932 1365 1971 rupe
1391 1917 1553 1966 Sionis,

532 1985 761 2039 Mixtaque
787 1986 967 2028 Iordani
992 1986 1185 2028 Castalis
1209 1988 1328 2028 unda
1354 1986 1466 2028 fluit.

459 2153 486 2175 1.
514 2144 678 2175 Nascenti
696 2145 798 2185 risit.]
844 2145 944 2176 From
965 2146 1129 2177 Horace's
1148 2146 1317 2177 immortal
1336 2146 1479 2187 “Quem
1496 2151 1532 2176 tu
1551 2145 1769 2186 Melpomene
1781 2146 1810 2176 ”.

456 2209 486 2239 7.
515 2199 635 2239 Spreta
652 2199 738 2230 iacet
756 2200 876 2240 pietas,
894 2202 975 2240 etc.]
1019 2200 1091 2236 I.e.,
1112 2200 1154 2240 by
1177 2206 1284 2240 poetS.
1333 2202 1500 2241 Compare
1527 2201 1583 2231 Dr.
1608 2200 1794 2241 Johnson’s
1810 2200 1943 2230 famous
1961 2198 2106 2236 remark,

299 2262 392 2283 more
406 2252 559 2294 justified
578 2253 609 2283 in
627 2253 679 2284 his
697 2254 778 2285 time
796 2255 879 2285 than
898 2255 930 2285 in
950 2264 1040 2291 oms,
1058 2265 1095 2285 as
1112 2261 1147 2285 to
1161 2255 1217 2285 the
1235 2262 1375 2296 povcrty
1392 2256 1431 2286 of
1443 2255 1653 2296 hymnology
1671 2256 1754 2286 from
1773 2255 1830 2286 the
1853 2254 1992 2296 Iiterary
2010 2255 2106 2296 point

298 2306 338 2337 of
350 2307 445 2338 view.
