2228 3372
536 271 596 302 ON
631 271 752 302 LADY
785 259 1148 302 LAUDERDALE'S
1180 270 1552 299 EMBROIDERIES.
1903 269 1952 308 13

318 374 434 417 Diva
459 375 602 429 Paphi
625 375 819 430 speculo,
844 375 967 429 virga
991 374 1195 429 Cyllenia
1216 373 1377 429 proles,

374 444 595 487 Cornibus
617 444 786 486 auratis
807 444 928 486 frons
949 443 1044 494 tibi,
1072 444 1216 493 Luna,
1240 442 1367 484 nitet.

317 515 497 569 Quanta
519 516 693 565 domus,
718 522 784 556 tot
807 515 928 556 culta
953 514 1073 561 Deis,
1095 520 1160 555 tot
1184 513 1330 555 lucida
1352 512 1546 554 flammis
1565 512 1572 553 Ι

376 584 502 639 Quae
524 584 644 626 dedit
667 584 778 626 haec
802 585 968 626 mundo
990 583 1199 633 maxima,
1224 588 1392 637 quanta
1417 583 1514 624 Dea
1537 588 1603 623 est
1622 582 1629 622 !

745 711 785 752 8.
823 721 1062 753 LUCRETIA
1093 720 1358 752 Aeo-PICTA.

323 799 411 842 Hic
434 807 608 842 eastum
631 800 739 843 fodit
763 801 860 855 ipsa
882 800 964 843 sibi
989 799 1200 842 Lucretia
1222 805 1392 854 pectus,

379 871 507 924 Quod
531 884 618 911 non
642 869 882 920 commisit,
906 883 983 924 per
1008 869 1153 911 scelus
1180 868 1274 910 ulta
1297 867 1436 909 nefas.

324 939 481 981 Intulit
505 939 620 981 hanc
641 939 770 981 fastis
792 946 835 981 et
858 945 1011 981 notam
1035 938 1224 980 reddidit
1247 937 1340 980 orbi

381 1010 552 1051 Dextra
574 1015 722 1051 metus
745 1023 911 1063 expers,
933 1015 976 1050 et
1003 1008 1097 1050 sine
1120 1009 1219 1050 labe
1241 1014 1379 1049 torus.
1879 1013 1958 1054 140

324 1079 410 1120 Sed
433 1084 650 1132 quantum
674 1091 836 1119 manus
858 1078 964 1119 orba
987 1084 1124 1127 metu,
1149 1077 1243 1118 Sine
1267 1075 1450 1119 crimine
1472 1074 1628 1123 lectus,

381 1147 574 1189 Setonae
596 1152 773 1188 tanturn
797 1146 1048 1189 nobilitavit
1071 1160 1193 1188 acus.

805 1287 845 1326 9.
882 1285 1005 1315 ΡΟΜΑ
1037 1284 1303 1315 ACU-PICTA.

326 1365 452 1408 Picta
476 1366 766 1417 Laderdeliae
789 1366 895 1408 dum
919 1372 1092 1420 spectat
1115 1380 1248 1420 poma
1273 1364 1516 1413 Minervae,

381 1436 455 1478 Sic
480 1435 684 1478 Paridem
707 1425 846 1477 fertur
867 1435 1131 1491 corripuisse
1154 1437 1333 1476 Venus:

326 1505 511 1554 Perfide,
535 1519 613 1546 cur
634 1504 761 1546 nobis
784 1519 885 1546 cum
908 1504 1053 1560 pomis
1075 1505 1207 1546 verba
1229 1503 1424 1545 dedisti?

383 1576 474 1617 Cur
495 1589 670 1616 mecum
693 1574 861 1617 formae
883 1575 1081 1629 praemia
1105 1574 1253 1616 Pallas
1275 1574 1409 1615 habet
1429 1573 1445 1613 ?

327 1644 479 1686 Iudice
501 1645 577 1685 sed
601 1643 637 1685 si
659 1650 703 1685 te
727 1644 931 1698 superavi
956 1644 1154 1694 Pallada,
1177 1643 1322 1698 pomis

383 1716 474 1758 Cur
495 1729 576 1769 ego
601 1714 813 1757 Palladiis
835 1715 1054 1758 deteriora
1075 1715 1191 1757 tuli?

271 1854 340 1892 136.
367 1852 506 1898 Quanta
523 1853 597 1884 Dea
613 1854 695 1892 est.]
741 1852 826 1883 This
850 1851 1048 1893 hyperbolic
1064 1851 1287 1892 compliment
1311 1856 1347 1882 to
1366 1849 1464 1891 Lady
1481 1846 1694 1880 Lauderdale
1718 1845 1746 1876 is
1771 1854 1810 1875 so
1834 1841 1962 1874 framed

152 1907 226 1939 that
243 1907 268 1938 it
285 1918 364 1949 may
381 1907 453 1938 also
470 1907 572 1948 apply
589 1914 625 1938 to
643 1908 775 1939 Nature
792 1907 926 1940 herself.

270 1972 341 2002 141.
368 1961 448 1994 Sine
465 1962 606 1993 crimine
622 1962 760 2003 lectus.]
810 1963 959 2003 Repeats
977 1962 1082 1994 “sine
1099 1961 1175 1993 labe
1193 1967 1290 1993 torus
1305 1961 1337 1992 ‘'.
