2228 3372
659 324 871 354 PARERGA
906 312 1274 363 (SUPPLEMENT).

449 430 613 472 CLIV.
664 442 704 471 2.
744 429 1063 471 APOLOGIA
1101 426 1480 470 CATELLINA.

239 563 447 612 Psittace,
470 577 548 604 cur
572 562 830 613 Dominam,
854 576 934 617 par
955 561 1025 604 cui
1048 561 1158 603 nihil
1181 560 1370 615 adspicit
1393 560 1561 609 aether,

294 634 385 675 Cur
408 632 581 674 catulos
604 638 747 673 rostro
769 638 862 673 tarn
886 632 1118 686 petulante
1141 630 1276 672 feris?

238 702 355 757 Quid
377 701 471 751 tibi,
496 715 585 742 non
608 709 761 755 aptam
784 700 968 750 volucri,
994 706 1154 749 movet,
1176 699 1390 754 improbe,
1415 698 1547 740 bilem
1566 699 1582 740 ?

295 771 475 813 Scilicet
499 770 645 820 odisti,
671 785 782 823 quos
804 776 925 811 amat
949 771 1093 820 Anna,
1119 784 1267 810 canes.

237 842 329 883 Cur
351 841 494 894 legem
519 839 783 893 praescribis
806 840 971 880 herae?
1035 840 1126 881 Cur
1146 839 1258 880 ferre
1281 852 1461 879 recusas

295 910 417 964 Quos
441 908 599 950 merito
621 908 771 962 generi
795 908 1004 962 praetulit
1028 908 1102 949 illa
1123 909 1234 949 tuo?

236 978 306 1020 Tu
329 979 508 1032 plumas
530 978 670 1019 iactas
692 977 869 1027 virides,
895 977 1170 1031 miniataque
1194 977 1323 1027 colla,

292 1047 544 1101 Tinctaque
569 1047 763 1089 Sidoniis
786 1061 914 1088 crura
936 1047 1101 1088 tenella
1123 1047 1260 1088 cadis.

238 1118 284 1160 Si
308 1118 428 1160 color
450 1117 494 1158 in
518 1116 659 1171 pretio
683 1123 765 1165 est,
790 1122 993 1157 nostrum
1017 1131 1119 1170 pars
1142 1131 1231 1158 una
1253 1116 1467 1170 ligustris,

295 1188 403 1228 Pars
426 1201 600 1241 quoque
623 1186 824 1240 puniceis
847 1185 1044 1227 cernitur
1065 1201 1207 1240 aequa
1230 1186 1356 1227 rosis.

236 1258 350 1299 Sunt
375 1256 534 1310 quibus
557 1255 729 1310 argenti
753 1255 871 1296 nitor
892 1262 975 1304 est,
1000 1262 1042 1296 et
1065 1255 1210 1297 fusilis
1233 1255 1342 1305 auri,

294 1325 508 1379 Pictaque
532 1325 732 1380 Coryciis
755 1324 902 1366 lucida
924 1332 1050 1379 terga
1072 1325 1223 1366 crocis.

237 1396 335 1436 Hos
357 1395 476 1436 color
498 1395 648 1436 electri
673 1395 972 1444 commendat,
996 1394 1228 1435 ianthinus
1251 1394 1364 1444 illos,

293 1466 488 1518 Parsque
511 1464 642 1505 refert
666 1464 858 1518 plumas,
883 1464 975 1505 ales
998 1463 1162 1518 inepte,
1186 1470 1304 1505 tuas.

236 1535 330 1576 Nec
353 1534 473 1576 color
495 1541 562 1576 est
587 1548 727 1584 unus3
761 1534 959 1588 virgatos
981 1548 1113 1588 saepe
1137 1534 1336 1584 catellos,

293 1605 353 1644 Et
376 1603 605 1645 tessellato
629 1617 809 1658 corpore
833 1617 965 1657 saepe
987 1603 1125 1645 vides.

234 1672 438 1714 Candida
460 1672 523 1713 sic
546 1672 720 1714 radiant
743 1671 889 1713 rutilis
911 1672 1109 1713 interlita
1134 1671 1276 1726 guttis

294 1742 533 1791 Marmora,
558 1748 745 1783 naturae
767 1742 1035 1783 luxuriantis
1058 1756 1185 1796 opus.

236 1811 338 1852 Non
361 1811 490 1853 aliter
510 1811 736 1853 volucrem
759 1810 902 1866 pinxit
927 1811 1045 1853 Iovis
1067 1811 1222 1854 inclita
1244 1811 1419 1862 coniux,

295 1881 379 1921 Pro
402 1880 572 1922 meritis
595 1881 749 1922 oculos
772 1880 842 1922 cui
865 1881 1001 1932 dedit,
1025 1881 1156 1936 Arge,
1179 1887 1296 1923 tuos.

233 1948 389 2004 Tange
411 1949 539 2004 pilos,
565 1950 682 1992 iures
705 1950 960 1992 amaranthi
982 1950 1158 1993 vincere
1179 1951 1358 2001 floccos,

292 2021 352 2061 Et
376 2021 508 2062 modo
530 2020 757 2062 nascentis
778 2021 854 2062 fila
875 2021 1042 2063 tenella
1064 2021 1194 2063 croci.

234 2088 365 2131 Talia
388 2090 627 2145 bombyces
650 2090 861 2132 evolvunt
884 2090 1093 2141 stamina,
1117 2091 1222 2133 talis

291 2160 438 2201 Aurea
464 2160 693 2214 Phryxeae
716 2160 820 2202 lana
843 2160 1036 2202 bidentis
1059 2167 1168 2202 erat.

234 2227 281 2270 Si
305 2228 428 2270 locus
451 2235 517 2270 est
541 2229 722 2280 meritis,
743 2230 961 2271 famulum
985 2237 1028 2271 te
1051 2230 1174 2272 nulla
1199 2231 1412 2281 Dearum,

292 2298 490 2340 Delicias
513 2298 619 2353 legit
641 2304 685 2340 te
708 2299 792 2340 sibi
815 2314 946 2341 nemo
971 2301 1131 2341 Deum.

235 2368 329 2408 Nos
351 2367 518 2410 laribus
540 2382 650 2422 gens
673 2383 800 2410 sacra
822 2383 991 2419 sumus,
1017 2383 1098 2410 nos
1123 2369 1282 2411 Martis
1305 2369 1475 2411 alumni

292 2437 540 2486 Credimus,
565 2444 607 2479 et
631 2437 808 2480 Triviae
830 2445 959 2492 grata
981 2445 1161 2481 caterva
1186 2440 1324 2481 Deae.

237 2506 448 2556 Psittace,
474 2521 606 2548 nemo
629 2514 730 2549 tuas
753 2508 896 2549 evexit
919 2508 963 2549 in
987 2509 1169 2550 aethera
1192 2509 1384 2563 plumas,

292 2576 344 2616 In
369 2576 492 2617 caelo
514 2576 682 2630 gemini
705 2577 926 2631 conspicis
949 2592 1026 2619 ora
1049 2577 1187 2620 canis.

236 2643 331 2685 Nos
353 2658 494 2698 genus
517 2644 693 2686 illorum
716 2645 942 2687 thalamos
968 2660 1199 2688 servamus
1226 2646 1403 2696 heriles,

292 2713 547 2754 Sternimur
568 2721 612 2755 et
635 2714 788 2756 niveos
809 2714 993 2770 virginis
1016 2721 1120 2757 ante
1143 2717 1293 2770 pedes.

198 2893 246 2924 16.
274 2892 467 2926 Tessellato
483 2895 651 2935 corpore.]
697 2895 772 2926 The
788 2896 952 2928 so-called
977 2899 996 2914 “
1009 2897 1116 2928 coach
1133 2896 1218 2939 dogs
1230 2898 1250 2912 ’'
1273 2904 1364 2930 must
1379 2898 1420 2930 be
1438 2898 1516 2930 here
1533 2904 1658 2930 meant.

198 2955 251 2986 30.
277 2947 413 2978 Gemini
430 2948 551 2988 canis.]
599 2949 752 2990 Procyon
771 2950 838 2981 and
856 2951 962 2982 Sirius
979 2951 1036 2982 the
1053 2951 1202 2993 dogstar.

1786 323 1866 363 227

1817 1197 1868 1225 10

1814 1892 1867 1920 20

1813 2590 1866 2630 30
