2228 3372
905 293 1116 324 PARERGA
1151 284 1523 332 (SUPPLEMENT).

490 401 687 444 Lenibus
709 406 751 442 et
775 412 956 440 somnos
978 397 1137 438 invitat
1165 409 1298 448 saepe
1325 393 1533 444 susurris,

546 471 687 523 Saepe
711 469 827 510 levat
849 472 1068 508 maestum
1092 463 1355 517 garrulitate
1378 462 1514 517 lyrae.

485 538 669 579 Talibus
692 536 845 578 officiis
868 534 1128 588 impendens
1149 539 1352 585 tempora
1376 531 1536 581 noctis,

547 606 732 660 Cogitur
753 605 797 645 in
821 603 1016 644 medium
1041 607 1225 642 stertere
1248 614 1382 654 saepe
1405 600 1536 642 diem.
1646 652 1647 655 Ἴ

488 675 623 716 Nulla
646 673 770 728 quies
792 671 984 720 famulis,
1009 684 1111 724 pars
1133 669 1266 711 verrit
1290 669 1457 717 limina,
1479 669 1609 710 lanas

546 745 653 785 Pars
675 741 826 791 trahit,
851 747 926 781 aut
950 739 1167 793 glomerat
1190 737 1349 792 pollice
1372 737 1446 779 fila
1469 737 1570 778 levi.

489 814 640 866 Nupta
663 816 838 865 praeest
861 808 992 862 operi,
1016 822 1096 849 nec
1119 821 1231 860 opus
1256 807 1369 861 fugit
1399 806 1511 861 ipsa,
1536 806 1767 849 ministrae

546 880 723 922 Nullius
746 886 788 920 et
811 878 927 920 vinci
951 877 1187 918 sedulitate
1210 883 1369 930 potest.

488 949 612 990 Licia
635 962 752 989 nunc
776 946 949 996 miscet,
973 960 1091 987 nunc
1114 946 1272 987 densat
1296 945 1470 999 pectine
1493 945 1620 995 telas,

546 1019 676 1059 Nunc
698 1017 841 1071 pingit
866 1016 1029 1058 Pharia
1050 1016 1119 1057 vel
1143 1015 1391 1070 Babylonis
1415 1030 1512 1057 acu.

489 1088 609 1128 Dum
635 1086 778 1128 Musis
800 1085 866 1127 vir
889 1099 1015 1126 sacra
1037 1085 1157 1135 facit,
1182 1085 1287 1126 colit
1310 1084 1387 1126 illa
1413 1085 1677 1135 Minervam,

544 1157 725 1199 Artibus
747 1156 818 1197 his
840 1156 999 1198 coniux
1023 1155 1225 1209 coniugis
1251 1161 1386 1209 auget
1413 1169 1535 1209 opes.

488 1228 612 1281 Quae
635 1226 754 1267 mala
777 1225 1047 1266 connubium
1071 1225 1153 1266 fert
1178 1239 1344 1274 secum,
1369 1224 1497 1266 vinee
1519 1224 1713 1274 ferendo,

545 1294 758 1349 Quisquis
780 1284 1065 1335 Aristotelem
1091 1293 1377 1347 Pieridasque
1399 1293 1518 1334 colis.

487 1365 577 1407 Cur
600 1365 703 1418 lupa
724 1371 769 1406 te
792 1364 991 1406 cruciet?
1056 1365 1240 1405 Veteres
1263 1364 1465 1405 evolvere
1487 1363 1628 1404 fastos

545 1434 590 1476 Si
615 1434 748 1483 lubet,
771 1434 949 1475 Atridas
973 1447 1084 1487 quos
1106 1433 1296 1474 imiteris
1319 1433 1468 1474 habes.

489 1502 533 1544 Si
558 1517 657 1544 cum
681 1509 803 1544 veste
827 1516 1001 1544 comam
1024 1501 1168 1543 variat
1190 1500 1453 1554 vultumque
1480 1500 1654 1548 marita,

547 1572 646 1612 Hoc
669 1585 842 1625 quoque
865 1570 952 1620 fer;
987 1570 1057 1612 cui
1080 1584 1169 1611 non
1194 1576 1373 1623 compta
1399 1569 1560 1611 marita
1586 1570 1766 1624 placet?

486 1641 631 1693 Auget
653 1654 758 1694 opes
781 1639 956 1688 sterilis,
981 1639 1141 1680 coniux
1162 1639 1352 1680 fecunda
1375 1645 1575 1693 nepotes,

547 1709 738 1750 Garrula
761 1714 968 1749 censetur
989 1707 1140 1756 libera,
1165 1714 1291 1748 muta
1317 1706 1480 1760 gravis.

489 1776 624 1818 Plebe
648 1784 745 1818 sata
768 1782 834 1818 est
857 1776 1054 1825 humilis,
1079 1775 1239 1816 mulier
1259 1789 1475 1829 generosa
1499 1775 1711 1817 maritum

547 1845 759 1899 Protegit,
784 1845 978 1887 oblectat
1003 1844 1202 1898 pulchra,
1228 1844 1389 1898 pudica
1416 1844 1541 1898 nigra
1571 1851 1652 1886 est.

487 1914 604 1966 Apta
626 1913 886 1954 ministeriis
909 1913 1069 1954 coniux
1090 1912 1349 1954 florentibus
1372 1912 1516 1962 annis,

547 1981 820 2024 Oeeubitura
842 1981 961 2023 brevi
985 1980 1179 2022 creditur
1200 1995 1309 2022 uxor
1331 1995 1457 2022 anus.

489 2054 614 2108 Quae
638 2067 796 2094 somno
818 2052 1049 2108 premitur,
1074 2053 1149 2094 dat
1172 2052 1381 2094 mollibus
1404 2051 1494 2094 otia
1522 2052 1680 2102 Musis,

549 2123 595 2165 Si
619 2123 770 2165 bibula
791 2130 873 2173 est,
897 2122 1072 2164 subitus
1095 2137 1198 2163 mox
1219 2122 1438 2176 iugulabit
1461 2122 1671 2177 hydrops.

489 2192 535 2234 Si
558 2193 717 2233 domus
740 2198 807 2233 est
830 2192 934 2233 rixis
957 2199 999 2233 et
1023 2198 1176 2245 aperto
1198 2191 1330 2246 plena
1352 2191 1565 2241 tumultu,

547 2261 745 2304 Socratis
769 2262 970 2315 exemplo
992 2261 1135 2315 iurgia
1157 2261 1276 2302 disce
1299 2260 1405 2315 pati.

492 2331 667 2372 Robore
690 2331 725 2372 si
749 2336 983 2385 praestans
1006 2344 1115 2371 uxor
1135 2329 1224 2370 fors
1246 2335 1423 2383 asperat
1446 2343 1635 2383 ungues,

549 2400 616 2440 Ne
639 2406 738 2441 ruat
761 2399 804 2440 in
827 2399 978 2440 fauces
1001 2398 1162 2448 bellua,
1186 2398 1304 2439 fuste
1330 2399 1477 2440 doma.

491 2468 591 2509 Hoc
614 2483 694 2521 ego
718 2475 898 2510 sanatas
919 2467 1009 2509 vidi
1037 2467 1331 2510 medicamine
1358 2474 1536 2522 nuptaS,

550 2538 602 2578 In
626 2537 786 2591 quibus
809 2536 992 2578 humani
1016 2537 1076 2577 nil
1100 2536 1184 2577 nisi
1207 2536 1358 2578 vultus
1381 2542 1491 2578 erat.

492 2606 618 2647 Haec
642 2606 760 2647 mala
783 2605 818 2646 si
842 2605 1028 2646 thalami
1051 2612 1095 2646 te
1117 2611 1299 2655 terrent,
1324 2611 1430 2647 nata
1452 2604 1685 2654 Tonantis,

546 2675 682 2716 Arma
704 2681 831 2716 tuum
856 2675 1070 2728 populum
1094 2689 1206 2728 quae
1228 2681 1441 2716 tueantur
1463 2674 1613 2715 habes.

489 2743 672 2785 Casside
695 2758 847 2797 pressa
869 2757 996 2784 coma
1019 2750 1101 2792 est,
1124 2743 1207 2784 fert
1231 2744 1408 2785 hastam
1435 2744 1631 2792 dextera,
1655 2748 1812 2797 pectus

548 2812 728 2863 Gorgon
753 2812 884 2853 habet
903 2827 911 2861 ;
948 2818 1119 2866 mystas
1142 2811 1211 2852 his
1233 2818 1348 2866 tege,
1375 2812 1503 2861 Diva,
1525 2818 1642 2852 tuos.

2033 1027 2114 1056 110

2035 1719 2116 1749 120

2034 2409 2115 2449 130
