2228 3372
751 292 964 322 PARERGA
996 282 1366 333 (SUPPLEMENT).
1882 301 1964 342 229

333 390 538 441 Fallitur,
562 391 706 441 Anna,
731 392 816 433 fide
838 398 882 433 te
906 393 941 433 si
965 393 1189 448 dignatur,
1214 409 1414 437 amorem

390 461 511 500 Dum
536 459 737 510 simulas,
762 461 992 503 dominam
1015 463 1167 504 fallere
1190 464 1343 506 fraude
1367 479 1513 518 paras.

333 531 436 570 Non
459 536 508 570 tu
532 536 689 584 sponte
712 536 791 572 tua
813 531 982 585 liquisti
1005 538 1125 575 tecta
1146 541 1397 588 parentum,

390 599 518 639 Illius
541 605 588 640 ut
612 599 810 641 famulus
833 601 1194 656 mancipiumque
1217 604 1346 645 fores.
1910 616 1965 658 70

330 668 528 722 Aucupis
552 668 685 709 illicio
707 669 903 719 delusus,
928 685 1064 725 regna
1087 673 1260 723 subisti,

389 737 601 787 Psittace,
627 738 817 781 brumali
841 754 952 793 pene
977 742 1153 795 sepulta
1177 743 1292 785 nive.

332 808 453 850 Hinc
476 822 651 861 quoque
674 815 722 851 tu
747 809 936 864 fugereS‚
962 810 1165 853 clausum
1190 812 1275 853 nisi
1298 827 1448 855 carcer
1471 812 1654 855 haberet
1673 827 1682 862 ;

389 879 470 920 Ille
493 878 572 921 tibi
596 879 714 920 sistit
739 881 855 933 quod
879 880 1108 922 meditaris
1131 881 1228 923 iter.

333 952 401 992 De
424 951 536 1004 dape
559 963 690 1003 parce
713 949 851 1003 queri,
877 956 981 991 sunt
1005 950 1076 992 hic
1100 950 1178 992 tibi
1202 951 1425 1001 cinnama,
1450 951 1585 993 tellus

388 1019 614 1075 Quidquid
637 1025 679 1060 et
703 1019 975 1073 Aethiopum
999 1020 1067 1061 vel
1091 1027 1169 1061 tua
1192 1020 1331 1062 mittit
1354 1021 1529 1062 humus.

331 1091 473 1131 Parva
495 1088 577 1130 fuit
600 1089 750 1143 prolis,
777 1089 885 1130 levis
909 1096 951 1130 et
975 1089 1147 1131 iactura
1170 1089 1369 1139 maritae,

387 1158 565 1200 Litibus
588 1164 630 1199 et
654 1157 772 1199 curis
795 1158 879 1199 hac
902 1172 984 1212 ope
1007 1158 1117 1200 liber
1138 1173 1251 1200 eras.

329 1229 517 1283 Singula
540 1228 575 1269 si
598 1242 772 1282 penses,
798 1242 886 1268 non
909 1234 953 1268 te
976 1228 1144 1269 felicior
1166 1229 1259 1270 ales

386 1298 508 1339 Vixit
532 1298 576 1338 in
601 1297 711 1338 Eois
736 1297 1024 1351 Hesperiisve
1047 1297 1206 1352 plagis.
1907 1298 1962 1339 80

327 1367 486 1410 Arrisit
509 1368 690 1409 fortuna
712 1366 836 1416 satis,
861 1366 948 1408 iam
974 1381 1137 1421 ponere
1160 1368 1327 1410 fastum

385 1438 450 1480 Te
473 1439 613 1487 decet,
639 1444 681 1478 et
705 1436 849 1491 legem
874 1451 1007 1490 quam
1032 1437 1152 1478 dedit
1176 1438 1308 1480 Anna
1332 1437 1473 1491 sequi.

329 1508 374 1550 Si
398 1507 572 1550 catulos
594 1513 637 1548 te
660 1513 836 1560 praeter
858 1512 993 1555 amet,
1019 1520 1097 1547 cur
1119 1506 1250 1560 culpa
1273 1512 1469 1561 putetur,

383 1578 472 1618 Aut
495 1575 652 1617 levitas
674 1581 828 1616 tantae
851 1589 940 1616 non
965 1574 1075 1616 satis
1098 1581 1203 1629 apta
1228 1577 1384 1617 Deae?

327 1645 488 1688 Iunoni
512 1659 638 1687 sacer
660 1651 726 1685 est
749 1643 939 1698 gemmis
962 1644 1035 1697 qui
1058 1644 1258 1698 pingitur
1280 1645 1387 1693 ales,

386 1718 518 1758 Hanc
541 1715 678 1757 etiam
702 1714 928 1756 dominam
953 1714 1167 1756 stridulus
1191 1730 1323 1757 anser
1345 1715 1494 1756 habet.

327 1785 539 1827 Mollibus
563 1791 605 1826 et
629 1783 782 1839 cycnis
805 1783 948 1838 iungit
973 1784 1198 1839 Cytherea
1222 1784 1468 1833 columbas,

382 1854 651 1909 Accipitrem
676 1867 807 1896 corvo
828 1859 878 1894 tu
902 1868 1091 1907 quoque,
1119 1853 1311 1904 Phoebe,
1337 1853 1492 1907 iugas:

325 1924 501 1980 Quique
523 1930 672 1965 truces
695 1922 867 1977 aquilas
889 1922 973 1964 sibi
996 1923 1104 1978 legit
1128 1922 1331 1965 fulminis
1354 1928 1522 1972 auctor,

383 1995 476 2038 Sub
498 1994 663 2049 plumis
686 1993 833 2044 latuit,
857 1993 1044 2035 candide
1067 2007 1218 2049 cycne,
1243 1993 1347 2035 tuis.
1904 2004 1959 2047 90

325 2065 457 2108 Picus
479 2079 605 2107 amor
627 2063 795 2106 Bacchi
818 2070 900 2113 est,
925 2063 1057 2105 simul
1082 2070 1125 2106 et
1148 2065 1295 2114 draco,
1321 2064 1437 2106 bubo
1463 2062 1690 2104 Minervae

382 2138 466 2178 Est
490 2150 630 2185 sacer,
655 2134 758 2176 huic
782 2135 975 2176 multum
1000 2140 1048 2176 tu
1072 2149 1262 2188 quoque,
1287 2134 1418 2189 galle,
1443 2133 1609 2187 places.

323 2206 512 2248 Vulture
538 2207 659 2247 Mars
682 2205 861 2259 gaudet,
887 2210 1065 2246 nostros
1087 2211 1239 2247 tamen
1263 2204 1336 2246 ille
1363 2203 1551 2246 tribules

383 2275 557 2329 Diligit,
582 2281 624 2316 et
649 2273 836 2315 comites
858 2274 992 2327 gestit
1016 2274 1179 2316 habere
1202 2289 1352 2315 canes.

324 2345 370 2388 Si
393 2344 586 2387 volucris
608 2344 839 2386 volucrum
864 2343 1063 2398 sequeris
1085 2343 1291 2398 vestigia,
1316 2342 1406 2385 noli

379 2414 494 2456 Tam
519 2413 675 2456 leviter
696 2413 904 2455 dominae
927 2414 980 2455 de
1004 2413 1187 2455 levitate
1211 2413 1346 2467 queri.

326 2485 447 2525 Pone
471 2482 772 2538 supercilium,
794 2497 875 2524 nec
899 2484 1015 2536 quod
1037 2482 1148 2524 facis
1171 2497 1281 2524 exue
1306 2482 1494 2537 plumam,

382 2554 476 2594 Nec
499 2552 579 2595 tibi
603 2559 731 2606 turpe
754 2558 877 2606 puta,
904 2551 1116 2601 Psittace,
1140 2551 1251 2592 ferre
1274 2564 1441 2605 parem.

286 2715 336 2754 85.
367 2713 517 2752 lunoni]
563 2712 638 2743 The
654 2717 734 2742 next
752 2710 837 2742 lines
854 2711 928 2752 give
947 2721 966 2742 a
982 2709 1190 2742 remarkable
1207 2708 1376 2750 grouping
1392 2708 1431 2739 of
1449 2708 1507 2738 the
1524 2705 1646 2738 double
1664 2711 1738 2747 pets
1754 2705 1794 2736 of
1804 2715 1905 2737 seven
1923 2705 1963 2736 of

148 2769 205 2800 the
223 2769 353 2801 deities.
