2228 3372
307 303 388 343 234
903 299 1120 330 PARERGA
1151 287 1524 340 (SUPPLEMENT).

486 405 700 447 Maiestas
723 404 766 446 in
790 405 934 446 fronte
956 403 1051 452 fuit,
1072 401 1306 457 prudentia
1329 408 1485 456 pectus

544 474 722 520 Imbuit,
745 473 789 514 in
813 472 948 514 labris
971 471 1263 513 mellificastis
1285 485 1406 525 apes.
2063 485 2115 514 10

486 542 616 584 Rexit
639 542 724 583 iter
745 541 888 596 pietas
911 547 952 581 et
976 540 1042 581 fas
1067 546 1108 580 et
1133 540 1322 581 candida
1342 539 1497 589 virtus,

543 613 602 653 Et
627 624 839 665 proavum
863 609 1060 664 probitas
1083 614 1126 650 et
1150 608 1245 650 sine
1268 609 1366 651 labe
1389 609 1514 650 fides.

486 680 639 722 Victor
660 686 767 728 erat,
793 678 1090 731 dominusque
1113 677 1196 727 sui,
1221 678 1388 719 nullius
1411 692 1593 732 egenus,

543 752 602 792 Et
627 750 742 791 male
766 749 992 803 quaesitas
1016 748 1180 802 sprevit
1204 754 1247 790 et
1270 748 1362 790 odit
1386 763 1506 803 opes.

487 821 633 873 Larga
656 832 816 860 manus
840 831 1016 871 semper
1037 817 1131 866 fuit,
1154 824 1197 859 et
1221 818 1380 859 domus
1403 817 1594 872 hospita,
1617 818 1752 859 nullis

542 889 655 928 Arca
677 886 774 936 fuit,
801 886 936 927 nullis
959 886 1116 927 horrea
1139 886 1293 928 clausa
1316 886 1439 927 seris.

487 957 646 999 Martis
668 971 778 1010 opus
802 956 966 1006 didicit,
989 957 1064 997 sed
1088 971 1245 1010 pacem
1269 956 1478 1010 praetulit
1502 956 1651 1007 armis,

544 1027 602 1067 Et
626 1025 792 1079 placuit
816 1025 938 1066 nullo
963 1024 1179 1079 sanguine
1201 1031 1331 1079 parta
1354 1025 1493 1079 quies.

486 1096 631 1137 Omne
653 1094 735 1136 fuit
759 1094 958 1136 studium
982 1094 1151 1149 patrios
1173 1095 1375 1137 evolvere
1397 1095 1551 1144 fastos,

544 1165 596 1204 In
620 1164 780 1218 quibus
803 1163 1009 1217 ingentes
1032 1178 1163 1218 saepe
1187 1163 1362 1219 legebat
1385 1179 1506 1206 avos.
2065 1178 2119 1207 20

487 1235 628 1288 Saepe
652 1233 920 1276 Caledonios
943 1233 1126 1288 cingens
1149 1233 1359 1289 indagine
1383 1234 1540 1283 saltus,

544 1303 781 1344 Gaudebat
805 1302 978 1344 catulos
1001 1317 1078 1357 per
1099 1303 1197 1345 loca
1220 1309 1348 1345 senta
1371 1302 1508 1357 sequi.

489 1373 621 1414 Nunc
643 1371 811 1414 volucri
834 1371 1016 1414 timidas
1039 1373 1203 1427 figebat
1228 1372 1410 1427 cuspide
1433 1374 1604 1422 damas,

546 1442 679 1483 Nunc
702 1441 746 1482 in
770 1441 1009 1483 fulmineos
1031 1441 1284 1483 comminus
1306 1442 1399 1484 ibat
1422 1455 1568 1496 apros.

490 1513 594 1553 Mox
616 1511 769 1553 oculos
790 1511 906 1553 falco
928 1512 1155 1566 pascebat,
1180 1518 1222 1553 et
1247 1512 1381 1553 ardea
1402 1518 1588 1553 tranans

546 1580 725 1631 Nubila,
750 1579 934 1635 remigio
957 1585 1114 1623 vectus
1138 1587 1325 1635 uterque
1348 1580 1443 1622 levi.

487 1650 605 1692 Vicit
629 1664 754 1692 amor
775 1649 946 1705 pecoris
967 1650 1204 1704 generosi?
1239 1649 1414 1692 doctius
1437 1649 1537 1694 illo.

547 1720 692 1760 Nemo
714 1718 977 1773 gubernavit
1001 1718 1115 1760 colla
1136 1718 1296 1760 ferocis
1318 1718 1431 1772 equi.

489 1789 621 1830 Nunc
644 1788 793 1830 docuit
816 1788 1061 1843 glomerare
1083 1789 1234 1842 pedeS,
1259 1802 1377 1830 nunc
1400 1788 1559 1830 ducere
1581 1802 1727 1843 gyros,

547 1859 678 1901 Nunc
701 1873 833 1900 cursu
856 1858 1020 1900 celeres
1043 1858 1300 1900 antevolare
1325 1859 1477 1899 Notos.
2064 1869 2120 1911 30

490 1929 635 1970 Aurea
658 1942 788 1982 quem
811 1927 957 1982 tangit
980 1927 1121 1969 virtus
1144 1934 1187 1969 et
1210 1927 1355 1969 nobile
1379 1933 1550 1982 pectUS‚

550 2000 620 2040 Da
643 1999 865 2048 lacrimas,
893 1999 1128 2040 Moravum
1151 1999 1207 2039 da
1230 1997 1303 2052 pia
1326 2004 1427 2039 tura
1450 1996 1560 2039 duci.

492 2067 702 2122 Optimus
725 2067 796 2109 hic
819 2081 1063 2122 procerum,
1086 2067 1255 2121 patriae
1279 2066 1456 2108 virtutis
1479 2066 1641 2120 imago,

551 2138 610 2178 Et
633 2137 864 2191 speculum
888 2136 1060 2191 priscae
1083 2136 1330 2179 nobilitatis
1353 2142 1462 2177 erat.

478 2372 530 2394 21.
557 2362 734 2403 Cingens.]
795 2362 880 2394 This
901 2361 995 2394 word
1016 2362 1187 2394 describes
1208 2362 1265 2394 the
1287 2362 1451 2394 so-called
1473 2362 1618 2394 Tinchel
1642 2362 1676 2393 in
1703 2360 1880 2403 Highland
1903 2360 2061 2402 hunting,
2086 2370 2124 2392 as

321 2418 418 2448 Scott
435 2415 604 2448 describes
621 2417 646 2448 it
663 2417 696 2448 in
714 2417 810 2458 Lady
827 2416 869 2458 os
880 2416 984 2455 Lake,
1003 2417 1115 2448 Canto
1131 2417 1189 2448 VI.
